1434 2413
142 66 162 101 3
169 66 188 101 4
471 64 533 100 TA
540 62 597 102 CI
600 63 658 99 TI
692 62 723 99 A
731 62 844 99 NNA
850 63 907 99 LI
913 63 996 99 L'JJ

141 164 242 200 iuter
275 164 441 199 ludibria
475 167 514 198 et
549 162 717 210 pericula
756 162 910 197 anxiam
955 166 1145 197 senectam
1181 162 1316 198 tolcra-

142 228 269 270 visset,
291 228 358 264 diu
379 227 527 274 Seiano,
550 238 653 262 nunc
679 225 865 269 Macroni,
887 238 1035 274 semper
1053 225 1168 263 alicui
1188 230 1316 273 poten-

142 292 239 328 tium
260 291 418 335 invisus,
451 303 528 326 non
549 289 671 338 culpa,
704 289 767 326 sed
795 293 839 325 ut
858 289 1092 337 flagitiorum
1111 288 1311 337 inpatiens.

144 358 242 392 Sane
271 368 408 403 paucos
437 354 484 390 ad
513 366 689 401 suprema
716 351 902 401 principis
930 352 1009 387 dies
1038 364 1145 400 posse
1173 350 1315 387 vitari:

144 432 256 468 quem
294 419 342 454 ad
385 418 539 454 modum
579 429 781 453 evasurum
818 414 1058 452 imminentis
1092 415 1316 452 iuventam?

144 497 203 529 au,
239 496 325 519 cum
359 481 535 518 Tiberius
573 484 659 529 post
692 484 842 516 tantam
873 492 1003 516 rerum
1039 478 1315 527 experientiam

145 548 185 583 vi
226 546 498 584 dominationis
538 545 742 583 convulsus
783 549 822 581 et
861 549 1034 580 mutatus
1077 544 1138 588 sit,
1183 543 1318 580 Caium

147 610 345 648 Caesarem
378 611 447 646 vix
478 610 588 646 finita
620 609 796 657 pueritia,
836 608 1011 656 ignarum
1044 608 1215 644 omnium
1253 612 1321 643 aut

146 674 318 723 pessimis
350 673 596 718 innutritum,
634 672 791 708 meliora
828 671 1104 720 capessiturum
1139 671 1321 706 Macrone

146 738 267 774 duce?
312 737 377 786 qui
421 741 465 772 ut
507 736 673 772 deterior
714 735 762 771 ad
806 735 1096 783 opprimendum
1142 733 1319 770 Seianum

148 802 315 838 delectus
334 802 444 850 plura
463 814 530 849 per
549 800 781 836 scelerarem
803 799 992 847 public-am
1016 798 1317 835 conflictavisset.

150 866 396 914 Prospectare
434 866 510 901 iam
547 877 586 900 se
625 865 749 900 acrius
790 863 1001 909 servitium,
1034 875 1153 911 eoque
1192 862 1322 910 fugere

150 930 262 965 simul
300 934 383 965 aeta
412 933 451 965 et
477 928 673 966 instantia,
734 927 842 963 Haec
870 927 970 963 vatis
998 926 1039 962 in
1067 927 1222 962 modum
1250 926 1323 961 dic-

150 996 269 1031 titans
308 1008 424 1032 venas
467 995 634 1030 resolvit.
693 993 934 1030 Documento
975 992 1175 1041 sequentia
1210 995 1325 1027 erunt

151 1061 246 1096 bene
275 1059 512 1095 Arruntium
543 1062 666 1095 morte
690 1070 813 1095 usum.
871 1057 1070 1093 Albucilla
1094 1056 1211 1092 inrito
1241 1054 1321 1091 ictu

151 1125 198 1160 ab
224 1130 343 1160 semet
369 1124 571 1159 vulnerata
599 1123 704 1159 iussu
731 1125 886 1158 senatus
911 1121 952 1157 in
977 1133 1163 1157 carcerem
1190 1119 1322 1156 fertur.

154 1189 382 1237 Stuprorum
403 1188 483 1224 eius
502 1187 682 1232 ministri,
701 1185 896 1223 Carsidius
917 1185 1098 1222 Sacerdos
1113 1183 1326 1233 praetorius

152 1258 196 1288 ut
244 1252 286 1287 in
334 1252 501 1287 insulam
549 1251 826 1300 deportaretur,
871 1249 1036 1286 Pontius
1080 1248 1327 1297 Fregellanus

153 1316 347 1352 :uuitteret
379 1316 552 1352 ordinem
584 1315 830 1360 senatorium,
863 1318 902 1350 et
929 1313 1082 1350 eaedem
1112 1324 1255 1362 poenae
1285 1312 1326 1347 in

156 1380 327 1416 Laelium
358 1379 523 1415 Balbum
553 1379 822 1424 decernuntur,
851 1378 890 1413 id
917 1377 1071 1427 quidem
1097 1389 1120 1412 a
1144 1375 1324 1412 laetanti-

156 1446 233 1489 bus,
256 1444 346 1492 quia
365 1444 510 1479 Balbus
529 1443 630 1480 truci
649 1442 867 1491 eloquentia
886 1442 1106 1487 habebatur,
1128 1445 1327 1489 promptus

155 1509 355 1545 adversum
376 1508 558 1546 insontes,

158 1626 188 1649 L.
212 1624 259 1650 1.1.
319 1612 541 1661 Increasz'nq
569 1612 750 1649 wealfflzess
779 1612 829 1661 of
853 1612 1024 1649 Tiberias
1051 1612 1258 1649 discovered
1284 1611 1330 1659 by

210 1677 265 1713 the
291 1683 494 1724 strataqem
514 1675 560 1724 of
580 1677 637 1713 the
660 1676 863 1725 play-viciam
884 1676 1083 1714 Charicles.
1146 1675 1220 1712 The
1244 1675 1330 1711 Em-

205 1741 346 1790 peror-'s
374 1741 602 1777 determined
628 1740 747 1788 (ψη-ἴε
778 1746 812 1776 to
838 1740 984 1776 conceal
1007 1740 1062 1776 tlte
1087 1739 1199 1775 trulla.
1255 1738 1330 1775 Ilis

210 1805 328 1842 death.
391 1805 465 1841 The
479 1804 701 1840 historian’s
721 1804 886 1840 estimato
905 1803 953 1850 of
962 1803 1020 1839 lais
1040 1802 1238 1839 character.

238 1895 278 1931 L.
339 1895 423 1930 Iam
468 1893 662 1929 Tiberium
709 1905 855 1940 corpus,
900 1891 976 1927 iam
1014 1890 1123 1934 vires,
1162 1888 1330 1925 nondum

159 1959 413 1996 dissimulatio
441 1957 647 1994 deserebat.
705 1956 814 1992 Idem
847 1955 967 1991 animi
995 1954 1120 2002 rigor3
1158 1965 1330 1989 sermone

158 2038 200 2061 ac
225 2025 338 2060 vultu
367 2024 542 2059 intentus
570 2021 744 2070 quaesita
773 2019 967 2056 interdum
995 2017 1176 2053 comitate
1203 2028 1332 2064 quam-

161 2091 218 2127 vis
236 2088 477 2124 manifestam
498 2085 747 2122 defectionem
768 2084 930 2132 tegebat.
988 2081 1032 2117 M
1038 2080 1229 2128 utatisque
1254 2091 1329 2115 sae-

160 2154 244 2200 pius
263 2151 354 2187 locis
374 2150 528 2186 tandem
549 2148 650 2197 apud
670 2146 971 2196 promontorium
998 2143 1141 2181 Miseni
1160 2141 1330 2179 consedit

161 2218 198 2252 iu
235 2215 334 2260 villa,
371 2215 428 2251 cui
467 2214 505 2250 L.
544 2212 728 2249 Lucullus
761 2210 952 2260 quondam
987 2208 1174 2244 dominus.
1243 2205 1330 2243 Illic
