1419 2428
141 86 163 122 2
170 85 190 121 6
473 84 535 121 ΤΛ
544 85 603 123 CI
605 86 665 122 TI
697 86 727 122 A
734 86 778 122 N
777 86 848 123 NA
855 85 914 123 LI
921 86 1005 123 UJJ

138 191 231 223 tunc
260 187 451 224 continuis
480 187 652 223 cladibus
690 187 943 235 promptiores
980 186 1028 222 ad
1065 186 1314 223 defectionem

139 251 271 297 trahit,
306 251 564 288 adfluentibus
597 251 784 299 paulatim
818 251 885 299 qui
918 255 1022 286 metu
1050 251 1170 298 magis
1200 264 1315 299 quam

140 315 408 351 benevolentia
435 314 598 351 subiecti
635 315 796 363 repertis
829 314 1047 350 auctoribus
1079 314 1316 350 sustulerant

139 378 321 415 animum.
379 378 419 414 N
422 391 463 414 ec
483 379 559 414 iani
584 378 689 414 aliud
710 378 910 414 Artabano
929 378 1118 426 reliquum
1149 391 1263 426 quam
1283 378 1314 413 si

140 442 207 490 qui
226 446 473 478 externorum
494 442 640 490 corpori
660 442 834 477 custodes
853 442 1023 487 aderant,
1056 443 1134 478 suis
1154 441 1314 490 quisque

139 507 294 543 sedibus
326 510 507 551 extorres,
542 507 628 554 quis
666 518 788 554 neque
821 506 911 542 boni
942 506 1161 542 intellectus
1192 518 1315 554 neque

140 569 233 605 mali
260 582 365 615 cura,
402 569 466 605 sed
501 568 671 604 mercede
704 569 864 604 aluntur
898 568 1065 604 ministri
1097 568 1310 604 sceleribus.

141 634 218 670 His
246 634 458 682 anisumptis
487 634 527 669 in
556 633 765 682 longinqua
792 637 831 669 et
867 633 1104 669 contermina
1138 633 1317 681 Scythiae

140 699 271 747 fugam
309 698 529 743 maturavit,
569 711 634 746 spe
671 698 819 743 auxilii,
863 698 953 746 quia
992 698 1187 746 Hyrcanis
1224 697 1316 734 Car-

141 764 353 811 maniisque
390 776 457 811 per
489 762 728 798 adfinitatem
765 762 929 798 innexus
963 766 1069 799 erat:
1109 767 1225 811 atque
1261 762 1315 797 in-

141 827 255 863 terim
286 839 394 876 posse
428 826 590 862 Parthos
622 826 836 862 absentium
874 838 1023 874 aequos,
1052 825 1316 874 praesentibus

142 892 312 937 mobiles,
334 891 382 927 ad
401 891 678 940 paenitentiam
700 890 851 930 mutari,

221 955 450 992 XXXVII.
508 955 567 990 At
603 954 791 990 Vitellius
837 954 996 1002 profugo
1041 954 1243 990 Artabano
1280 958 1318 989 et

141 1019 251 1055 flexis
281 1019 329 1055 ad
361 1032 504 1054 novum
542 1031 667 1066 regem
695 1018 937 1066 popularium
966 1018 1114 1064 animis,
1144 1018 1318 1054 hortatus

141 1083 341 1119 Tiridaten
367 1088 502 1131 parata
527 1095 730 1131 capessere,
758 1083 874 1118 robur
900 1083 1092 1130 legionum
1117 1082 1317 1118 sociorum-

140 1159 216 1194 que
241 1146 364 1195 ripam
392 1146 440 1181 ad
466 1146 677 1194 Euphratis
705 1145 822 1182 ducit.
880 1145 1202 1189 Sacrificantibus,
1231 1157 1316 1182 cum

142 1211 204 1246 hic
241 1223 345 1246 more
383 1210 559 1246 Romano
604 1209 880 1246 suovetaurilia
916 1210 1034 1254 daret,
1073 1210 1138 1245 ille
1177 1222 1316 1257 equum

142 1272 328 1320 placando
363 1272 469 1308 amni
504 1273 736 1318 adornasset,
784 1271 1014 1308 nuntiavere
1059 1271 1206 1308 accolae
1244 1271 1318 1307 Eu-

143 1335 308 1383 phraten
331 1336 438 1371 nulla
462 1336 645 1371 imbrium
664 1335 705 1371 vi
729 1340 865 1383 sponte
884 1340 924 1372 et
943 1335 1160 1371 inmensum
1180 1335 1316 1379 attolli,

142 1399 257 1434 simul
277 1399 496 1435 albentibus
521 1399 666 1447 spumis
685 1399 727 1434 in
746 1399 901 1434 modum
921 1398 1147 1434 diadematis
1167 1398 1320 1434 sinuare

143 1463 264 1508 orbes,
286 1463 496 1511 auspicium
518 1463 689 1510 prosperi
707 1466 976 1510 transgressus.
1032 1461 1199 1505 Quidam
1218 1461 1321 1497 calli-

142 1527 230 1563 dius
262 1526 628 1575 interpretabantur,
663 1526 778 1562 initia
807 1529 968 1562 conatus
1001 1526 1168 1561 secunda
1196 1537 1319 1573 neque

143 1590 339 1634 diuturna,
361 1590 452 1638 quia
470 1602 601 1626 eorum
627 1602 724 1638 quae
750 1594 852 1625 terra
875 1589 1026 1625 caelove
1052 1588 1320 1636 portenderen-

143 1659 209 1691 tur
245 1654 383 1690 certior
420 1654 522 1700 fides,
561 1653 765 1689 fluminum
801 1652 993 1688 instabilis
1029 1656 1169 1688 natura
1204 1651 1318 1688 simul

143 1718 362 1755 ostenderet
406 1718 535 1754 omina
579 1721 812 1766 raperetque.
876 1716 949 1752 Sed
995 1720 1111 1764 ponte
1156 1715 1319 1751 navibus

143 1782 278 1818 effecto
296 1781 548 1830 tramissoque
569 1781 739 1818 exercitu
762 1780 907 1829 primus
928 1779 1168 1828 Ornospades
1187 1779 1320 1816 multis

143 1846 319 1894 equitum
356 1846 511 1881 milibus
548 1846 589 1881 in
626 1849 750 1881 castra
778 1844 897 1890 venit,
931 1843 1021 1879 exul
1058 1843 1248 1891 quondam
1281 1847 1320 1879 et

143 1910 308 1956 Tiberio,
335 1923 420 1946 cuin
449 1909 710 1946 Delmaticum
735 1908 878 1945 bellum
904 1908 1113 1953 conficeret,
1142 1907 1244 1943 haud
1264 1907 1320 1944 in-

144 1973 290 2023 glorius
331 1973 540 2010 auxiliator
576 1985 695 2021 eoque
737 1972 894 2008 civitate
930 1971 1107 2007 Romana
1143 1971 1318 2015 donatus,

145 2048 236 2072 mox
262 2037 426 2084 repetita
451 2035 621 2072 amicitia
649 2034 747 2084 regis
772 2034 894 2070 multo
922 2034 1022 2082 apud
1052 2046 1138 2069 eum
1164 2032 1317 2079 honore,

144 2100 358 2149 praefectus
395 2100 538 2148 campis
583 2099 650 2147 qui
696 2099 894 2147 Euphrate
931 2103 971 2133 et
1006 2097 1118 2145 Tigre
1164 2097 1320 2134 inclutis

144 2165 322 2201 amnibus
347 2164 561 2200 circumflui
587 2163 888 2211 Mesopotamiae
913 2174 1052 2198 nomen
1080 2166 1316 2209 acceperunt.

146 2228 282 2277 Neque
308 2227 430 2264 multo
456 2231 541 2276 post
567 2227 750 2263 Sinnaces
781 2230 896 2274 auget
921 2225 1058 2274 copias,
1085 2233 1124 2261 et
1146 2224 1320 2261 columen
