1419 2428
347 88 519 125 LIBER
554 88 616 125 VI.
656 98 934 124 xxxix—XLII.
1179 87 1227 122 29

105 197 214 228 turns
240 189 352 237 from
383 189 441 225 lais
474 188 565 225 exile
602 187 644 224 in
673 187 886 235 Hyrcania,
919 186 999 223 ancl
1026 186 1225 234 Tiridates,

104 254 327 292 abandoned
343 254 389 301 by
407 252 676 301 lcisfollowcrs,
698 251 795 288 seeks
813 250 942 299 rqfccye
960 251 1003 288 in
1021 250 1052 287 S
1050 251 1149 299 yria.

130 374 240 410 XLI.
294 373 369 409 Per
388 372 489 408 idem
508 376 660 420 tempus
677 371 866 407 Clitarum
885 371 992 407 natio
1015 371 1227 420 Cappadoci

52 438 243 474 Archelao
276 437 457 481 subiecta,
489 436 579 485 quia
608 439 782 472 nostrum
814 436 857 472 in
893 437 1049 472 modum
1084 438 1229 474 deferre

52 513 194 546 census,
218 501 298 549 pati
322 500 468 535 tributa
492 499 729 548 adigebatur,
758 499 800 535 in
825 499 914 548 iuga
940 500 1057 536 Tauri
1087 501 1229 537 montis

52 565 233 601 abscessit
251 564 493 612 locorumque
512 563 666 612 ingenio
686 577 766 600 sese
786 569 919 600 contra
938 564 1109 601 imbelles
1130 565 1229 613 regis

53 628 178 676 copias
205 627 418 673 tutabatur,
449 627 566 663 donec
597 627 648 663 M.
681 627 893 663 Trebellius
920 628 1080 676 legatus,
1110 641 1133 664 a
1160 629 1230 665 Vi-

52 691 160 728 tellio
179 691 351 740 praeside
376 690 509 726 Suriae
535 703 621 726 cum
648 694 832 739 quattuor
856 691 1013 727 milibus
1032 691 1230 740 legionari-

53 768 162 790 orum
200 759 239 791 et
276 754 432 790 delectis
469 754 625 790 auxiliis
661 754 809 800 missus,
849 755 943 791 duos
980 755 1096 801 collis,
1136 768 1230 804 quos

53 819 206 855 barbari
238 819 458 855 insederant
490 818 646 869 (minori
674 819 809 866 Cadra,
841 820 954 855 alteri
984 820 1140 857 Davara
1168 834 1230 856 no-

53 895 142 919 men
178 884 263 932 est),
307 883 485 931 operibus
522 882 771 919 circumdedit
808 889 847 920 et
884 897 1082 934 erumpere
1119 899 1231 922 ausos

53 949 165 994 ferro,
188 956 331 985 ceteros
351 949 415 985 siti
435 949 483 984 ad
503 949 735 985 deditionem
756 949 888 998 coegit.

133 1015 193 1050 At
224 1015 414 1050 Tiridates
442 1014 662 1050 volentibus
700 1014 856 1050 Parthis
885 1014 1163 1063 Nicephorium
1192 1020 1231 1052 et

53 1078 361 1113 Anthemusiada
397 1081 615 1125 ceterasque
652 1078 777 1124 urbes,
820 1091 917 1126 quae
955 1079 1231 1116 Macedonibus

54 1141 148 1177 sitae
170 1141 313 1178 Graeca
332 1141 517 1177 vocabula
539 1146 739 1190 usurpant,
760 1142 984 1191 Halumque
1004 1147 1042 1179 et
1061 1144 1230 1180 Artemi-

54 1211 133 1241 tam
162 1205 344 1241 Parthica
372 1205 512 1253 oppida
539 1205 692 1254 recepit,
732 1207 969 1243 certantibus
996 1208 1135 1256 gaudio
1164 1209 1230 1256 qui

54 1269 299 1305 Artabanum
329 1269 491 1317 Scythas
523 1269 626 1306 inter
654 1270 834 1306 eductum
863 1271 910 1306 ob
939 1271 1139 1307 saevitiam
1168 1285 1230 1307 ex-

54 1333 190 1369 secrati
222 1346 326 1369 come
354 1333 537 1370 Tiridatis
564 1333 762 1382 ingenium
800 1334 995 1371 Romanas
1032 1348 1099 1384 per
1127 1340 1228 1372 artes

54 1397 270 1446 sperabant.

132 1459 267 1497 XLII.
326 1461 543 1497 Plurimum
580 1461 812 1498 adulationis
851 1462 1093 1499 Seleucenses
1121 1463 1229 1499 indu-

53 1537 126 1571 ere,
161 1524 296 1561 civitas
324 1531 469 1573 potens,
498 1529 629 1574 saepta
656 1526 776 1562 muris
804 1539 926 1575 neque
955 1526 996 1562 in
1023 1527 1228 1562 barbarum

54 1592 242 1636 corrupta,
282 1589 345 1624 sed
384 1589 591 1626 conditoris
629 1589 776 1627 Seleuci
813 1591 991 1628 retinens.
1051 1591 1229 1628 Trecenti

54 1652 189 1700 opibus
208 1656 276 1689 aut
295 1653 484 1702 sapientia
503 1653 640 1690 delecti
658 1657 703 1690 ut
722 1658 888 1701 senatus,
911 1667 978 1691 sua
997 1655 1137 1704 populo
1157 1655 1226 1694 vis.

54 1715 107 1750 Et
131 1715 308 1764 quotiens
334 1717 536 1752 concordes
562 1721 693 1764 agunt,
722 1717 916 1765 spernitur
942 1717 1133 1754 Parthus:
1162 1718 1229 1754 ubi

53 1779 274 1826 dissensere,
292 1780 383 1816 dum
404 1780 477 1816 sibi
496 1780 656 1829 quisque
676 1784 809 1817 contra
828 1781 996 1817 aemulos
1016 1781 1227 1818 subsidium

54 1846 202 1890 vocant,
235 1844 379 1880 accitus
408 1844 451 1880 in
479 1849 628 1893 partem
660 1845 863 1881 adversum
895 1858 1026 1882 omnes
1057 1846 1225 1883 valescit.

55 1907 103 1943 Id
139 1920 262 1956 nuper
292 1909 481 1945 acciderat
509 1909 712 1946 Artabano
748 1913 945 1958 regnante,
980 1909 1046 1958 qui
1080 1909 1228 1958 plebem

54 1971 283 2019 primoribus
302 1973 464 2009 tradidit
484 1986 532 2009 ex
551 1986 619 2009 suo
638 1986 710 2009 usu
727 1988 734 2011 :
763 1986 852 2009 nam
873 1973 1005 2022 populi
1025 1972 1227 2021 imperium

54 2036 165 2071 iuxta
192 2036 421 2081 libertatem,
449 2049 656 2085 paucorum
686 2036 897 2072 dominatio
923 2035 1050 2084 regiae
1075 2035 1228 2072 libidini

53 2099 207 2148 propior
238 2104 306 2137 est.
363 2101 460 2136 Tum
498 2102 772 2137 adventantem
799 2100 998 2136 Tiridaten
1035 2099 1230 2136 extollunt

53 2168 227 2199 veterum
246 2177 378 2212 regum
398 2164 605 2201 honoribus
625 2168 663 2201 et
683 2177 776 2213 quos
801 2177 931 2200 recens
956 2167 1061 2200 aetas
1086 2163 1229 2212 largius

54 2228 204 2265 invenit
217 2243 228 2276 ,-
260 2230 374 2266 simul
400 2231 539 2279 probra
564 2231 605 2266 in
635 2230 877 2266 Artabanum
902 2229 1126 2274 fundebant,
1153 2241 1228 2265 ma-
