1419 2428
90 65 137 100 16
420 66 484 102 TA
492 66 611 104 OITJ
647 67 677 103 A
685 67 865 105 NNALI
871 69 907 105 U
905 69 956 105 M

85 162 184 198 rium
208 162 250 198 in
269 167 437 212 tempore
459 165 745 212 memorabitur,
760 178 807 201 ne
826 179 929 204 nunc
946 168 1098 218 incepto
1118 169 1268 219 longius

85 225 254 262 abierim.

86 338 201 364 xxiu.
260 327 385 364 Deatla
414 327 462 376 of
485 328 646 365 Asinius
680 329 812 366 Gallus
845 330 926 366 ancl
954 329 1000 378 qf
1025 330 1180 367 Drusus
1213 331 1269 368 tlte

459 393 497 429 E
497 407 530 428 m
530 393 672 441 pcror’s
689 394 894 441 yrcmdson.

165 476 332 513 XXIII.
392 476 520 513 Isdem
540 477 760 513 consulibus
779 478 911 514 Asinii
938 479 1040 515 Galli
1066 492 1166 516 mors
1187 480 1269 516 vul-

89 545 215 589 gatur,
250 554 363 590 quem
394 544 562 589 egestate
591 540 667 576 cibi
695 546 935 589 peremptum
963 542 1066 578 haud
1094 544 1264 588 dubium,

87 609 224 654 sponte
254 606 317 641 vel
346 605 581 650 necessitate,
617 606 807 641 incertum
836 606 1059 643 habebatur.
1111 607 1268 644 Consul-

86 674 225 719 tusque
246 670 385 707 Caesar
404 683 452 705 an
473 669 625 717 sepeliri
653 669 806 715 sineret,
828 683 907 706 non
933 671 1088 707 erubuit
1116 672 1270 720 permit-

89 738 168 771 tere
195 734 373 783 ultroque
401 734 575 769 incusare
607 747 727 779 casus,
757 734 824 783 qui
857 747 966 770 reum
1002 735 1266 780 abstulissent,

89 801 294 846 antequam
311 810 436 833 coram
452 796 752 834 convinceretur.
799 797 952 833 Scilicet
967 799 1090 834 medio
1103 799 1269 835 triennio

87 861 263 897 defuerat
282 866 433 909 tempus
463 860 652 896 subeundi
675 860 860 896 iudicium
889 861 1079 897 consulari
1098 862 1189 907 seni,
1210 867 1270 898 tot

88 925 344 961 consularium
382 925 544 973 parenti.
613 924 764 960 Drusus
811 925 948 961 deinde
994 926 1266 974 exstinguitur,

89 1003 175 1026 cum
208 1003 247 1026 se
281 989 507 1026 miserandis
534 989 737 1034 alimentis,
768 990 983 1026 mandendo
1014 1003 1033 1026 e
1064 991 1182 1026 cubili
1216 995 1267 1026 to-

88 1056 229 1098 mento,
251 1065 395 1088 nonum
414 1052 463 1088 ad
482 1053 583 1088 diem
603 1052 839 1089 detinuisset.
889 1053 1094 1090 Tradidere
1114 1054 1267 1103 quidam

88 1116 367 1165 praescriptum
386 1116 503 1152 fuisse
524 1116 710 1162 Macroni,
732 1117 765 1152 si
789 1130 895 1153 arma
917 1118 964 1154 ab
994 1118 1131 1155 Seiano
1151 1123 1269 1167 temp-

89 1184 273 1225 tarentur,
297 1184 512 1216 extractum
532 1180 725 1217 custodiae
744 1181 919 1217 iuvenem
945 1183 1047 1231 (nam
1062 1183 1102 1218 in
1119 1183 1268 1220 Palatio

89 1244 343 1293 attinebatur)
383 1245 518 1280 ducem
555 1244 695 1293 populo
741 1244 946 1293 imponere.
1023 1246 1131 1291 Mox,
1179 1248 1269 1295 quia

89 1321 220 1344 rumor
246 1308 446 1344 incedebat
476 1308 557 1345 fore
577 1312 622 1344 ut
646 1322 748 1345 nuru
773 1321 816 1344 ac
845 1310 976 1357 nepoti
1000 1311 1269 1348 conciliaretur

91 1373 240 1418 Caesar,
261 1373 461 1408 saevitiam
482 1385 595 1421 quam
616 1373 893 1421 paenitentiam
914 1374 1062 1410 maluit.

90 1501 199 1527 XXIV.
260 1490 423 1527 Terrible
459 1489 679 1526 revelation-s·
717 1488 765 1536 of
804 1489 860 1526 the
896 1496 1091 1526 treatment
1127 1490 1175 1539 of
1212 1491 1269 1527 the

512 1554 684 1590 deceased
694 1554 836 1602 prime.

169 1634 331 1670 XXIV.
390 1634 495 1679 Quin
527 1638 566 1670 et
602 1634 778 1669 invectus
807 1633 848 1669 in
877 1633 1100 1670 defunctum
1132 1634 1267 1670 exitia-

90 1697 206 1734 bilem
234 1697 275 1733 in
304 1709 401 1743 suos,
423 1697 618 1733 infensum
645 1697 701 1732 rei
726 1696 900 1744 publicae
928 1696 1099 1732 animum
1128 1697 1267 1732 obiecit

91 1762 319 1810 recitarique
349 1761 537 1798 factorum
571 1761 836 1809 dictorumque
867 1761 948 1796 eius
980 1761 1170 1809 descripta
1201 1774 1268 1809 per

91 1826 170 1862 (lies
190 1825 311 1871 iussit,
334 1838 410 1874 quo
435 1838 512 1861 non
540 1825 645 1861 aliud
669 1826 835 1861 atrocius
865 1824 1000 1862 visum.
1055 1825 1267 1862 Adstitisse

92 1894 150 1926 tot
182 1903 249 1938 per
281 1903 401 1926 annos
434 1890 502 1939 qui
531 1890 694 1935 vultum,
726 1889 901 1937 gemitus,
933 1890 1124 1925 occultum
1151 1889 1266 1925 etiam

92 1967 267 1990 murmur
295 1954 526 2003 exciperent,
556 1958 596 1991 et
622 1953 790 2003 potuisse
817 1966 933 1989 avum
961 1954 1103 1998 audire,
1129 1953 1263 2002 legere,

90 2019 132 2054 in
164 2019 359 2067 publicum
392 2032 564 2067 promere
594 2019 662 2055 vix
691 2018 794 2063 fich‚
821 2017 896 2053 nisi
926 2018 1027 2066 quod
1051 2018 1156 2054 Attii
1186 2031 1267 2054 cen-

90 2082 256 2119 turionis
285 2088 323 2119 et
352 2083 513 2131 Didymi
538 2083 668 2119 liberti
692 2081 877 2129 epistulae
896 2094 1091 2117 servorum
1113 2082 1268 2118 nomina

92 2145 367 2194 praeferebant,
403 2151 448 2182 ut
478 2147 565 2195 quis
598 2147 857 2195 egredientem
887 2146 1062 2183 cubiculo
1095 2145 1266 2181 Drusum

91 2209 319 2258 pulsaverat,
339 2215 588 2247 exterruerat.
635 2211 761 2247 Etiam
781 2224 850 2247 sua
868 2211 983 2247 verba
1000 2209 1172 2246 centurio
1191 2221 1268 2244 sae-
