1419 2428
116 88 164 125 24
443 85 507 123 TA
514 85 572 124 CI
573 85 632 123 TI
665 85 811 122 ANNA
817 86 879 122 LI
883 86 918 123 U
916 86 967 122 ill

115 188 332 238 repertique
360 191 599 236 corruptores
628 187 823 223 ministros
851 186 1007 223 Arsacis
1039 187 1161 222 multo
1194 199 1286 223 auro

114 253 162 288 ad
185 253 306 289 scelus
332 255 473 299 cogunt
486 265 496 299 3
528 251 641 287 simul
669 250 809 287 Hiberi
834 251 982 298 magnis
1007 251 1123 299 copiis
1149 251 1286 286 Arme-

115 316 220 352 niam
245 315 475 362 inrumpunt
500 318 539 350 et
566 314 660 350 urbe
685 314 881 350 Artaxata
908 314 1120 362 potiuntur.
1180 313 1286 357 Quae

116 383 317 427 postquam
345 377 549 413 Artabano
586 378 749 425 cognita,
779 377 902 412 filium
937 376 1090 413 Oroden
1122 376 1286 413 ultorem

115 447 250 491 parat;
280 442 346 477 dat
372 441 604 477 Parthorum
632 441 769 489 copias⁷
796 440 920 477 mittit
944 440 1012 489 qui
1030 441 1175 476 auxilia
1194 454 1287 478 mer-

116 506 203 542 cede
223 506 392 541 facerent
408 519 415 541 :
435 510 568 542 contra
587 505 863 541 Pharasmanes
878 505 1083 554 adiungere
1102 506 1285 552 Albanos,

115 570 234 606 accire
262 569 465 614 Sarmatas,
490 582 651 618 quorum
677 569 873 617 sceptuchi
891 569 1085 618 utrimque
1104 570 1213 606 donis
1232 583 1288 606 ac-

118 635 237 683 ceptis
257 647 361 670 more
386 634 536 682 gentico
562 634 713 669 diversa
738 634 904 670 induere.
965 634 1039 670 Sed
1064 634 1168 670 Iberi
1193 635 1288 671 loeo-

116 712 201 735 rum
240 702 416 747 potentes
456 698 593 746 Caspia
631 697 694 733 via
738 697 953 734 Sarmatam
997 698 1038 733 in
1081 698 1289 735 Armenios

116 762 256 811 raptim
277 761 489 797 effundunt.
546 760 604 796 At
624 761 691 809 qui
710 760 866 796 Parthis
885 761 1158 807 adventabant,
1178 761 1289 798 facile

117 827 355 872 arcebantur,
381 838 467 862 cum
487 825 581 861 alios
601 825 770 861 incessus
789 825 910 861 hostis
929 825 1136 871 clausisset,
1165 838 1287 861 unum

116 890 307 939 reliquum
333 902 436 925 mare
462 889 566 925 inter
591 893 629 925 et
655 893 846 924 extremos
875 888 1113 924 Albanorum
1140 895 1289 926 montes

117 957 240 990 aestas
271 952 484 1001 impediret,
524 952 615 1000 quia
651 951 805 987 flatibus
838 951 1044 987 etesiarum
1079 951 1290 1000 implentur

116 1017 241 1053 vada:
281 1016 465 1052 hibernus
503 1019 632 1052 auster
665 1015 830 1051 revolvit
857 1015 995 1051 fluctus
1024 1015 1208 1064 pulsoque
1235 1016 1290 1051 in-

117 1086 262 1118 trorsus
290 1081 389 1117 freto
419 1081 548 1116 brevia
575 1080 732 1116 litorum
759 1080 965 1116 nudantur.

196 1145 401 1182 XXXIV.
459 1144 624 1181 Interim
651 1144 804 1181 Oroden
829 1145 1015 1180 sociorum
1035 1144 1186 1193 inopem
1207 1158 1290 1181 aue-

117 1216 179 1247 tus
212 1210 357 1246 auxilio
391 1209 669 1245 Pharasmanes
698 1221 833 1245 vocare
869 1209 918 1244 ad
954 1222 1122 1257 pugnam
1159 1214 1198 1245 et
1231 1209 1291 1245 de-

118 1278 347 1310 trectantem
371 1273 568 1317 incessere,
596 1272 818 1321 adequitare
843 1272 986 1318 castris,
1013 1272 1204 1308 infensare
1228 1286 1291 1322 pa-

117 1339 208 1375 bula
224 1351 234 1384 3
262 1351 305 1374 ac
325 1350 435 1385 saepe
455 1337 496 1372 in
515 1337 669 1372 modum
696 1337 833 1373 obsidii
852 1337 1082 1373 stationibus
1102 1337 1288 1385 cingebat,

118 1403 237 1439 donee
271 1402 409 1438 Parthi
443 1401 760 1437 contumeliarum
798 1401 1004 1436 insolentes
1043 1400 1291 1437 circumsiste-

119 1470 206 1502 rent
231 1478 369 1514 regem,
397 1469 596 1513 poscerent
626 1465 823 1512 proelium.
881 1465 1015 1512 Atque
1040 1464 1118 1500 illis
1146 1464 1225 1500 sola
1249 1465 1292 1500 in

118 1530 247 1578 equite
280 1529 364 1566 vis:
405 1529 683 1565 Pharasmanes
716 1533 755 1565 et
791 1529 919 1577 pedite
957 1528 1118 1565 valebat.
1187 1528 1290 1565 Nam

120 1595 224 1630 Iberi
263 1594 485 1642 Albanique
524 1593 709 1629 saltuosos
747 1593 846 1629 locos
882 1593 1091 1630 incolentes
1127 1593 1291 1630 duritiae

118 1657 402 1705 patientiaeque
423 1656 543 1705 magis
563 1657 761 1692 insuevere
775 1670 786 1703 3
813 1656 1018 1704 feruntque
1044 1669 1083 1692 se
1102 1656 1291 1693 Thessalis

120 1725 232 1766 ortos,
269 1732 344 1768 qua
375 1723 602 1768 tempestate
647 1719 734 1755 Iaso
774 1724 860 1768 post
900 1725 1071 1756 avectam
1113 1720 1289 1757 Medeam

119 1785 343 1833 genitosque
367 1797 416 1820 ex
441 1797 484 1819 ea
512 1783 650 1819 liberos
675 1783 828 1819 inanem
856 1796 946 1819 mox
973 1784 1115 1831 regiam
1144 1784 1291 1821 Aeetae

121 1861 332 1896 vacuosque
368 1848 525 1884 Colchos
563 1848 754 1896 repetivit.
822 1848 1026 1896 Multaque
1059 1848 1104 1883 de
1137 1848 1290 1885 nomine

120 1911 200 1946 eius
219 1914 258 1945 et
277 1909 445 1945 oraclum
465 1909 604 1945 Phrixi
623 1910 815 1946 celebrant
828 1923 838 1956 5
864 1924 933 1946 nec
953 1911 1154 1959 quisquam
1173 1911 1291 1948 ariete,

120 1973 400 2018 sacrificaverit,
431 1973 574 2009 credito
593 1973 741 2009 vexisse
762 1973 962 2018 Phrixum,
992 1973 1071 2009 sive
1090 1973 1129 2009 id
1149 1974 1291 2011 animal

121 2049 186 2072 seu
223 2037 333 2071 navis
366 2037 515 2085 insigne
547 2037 631 2073 suit.
702 2037 880 2073 Ceterum
911 2036 1057 2073 directa
1095 2038 1290 2086 utrimque

120 2098 198 2135 acie
219 2098 386 2134 Parthus
405 2099 606 2147 imperium
627 2099 794 2144 orientis,
822 2099 1088 2135 claritudinem
1114 2100 1291 2136 Arsacid—

120 2175 228 2198 arum
248 2166 453 2210 contraque
482 2162 687 2210 ignobilem
716 2162 872 2198 Iberum
901 2163 1133 2198 mercenario
1162 2163 1290 2200 milite

123 2226 352 2272 disserebat3
391 2225 668 2262 Pharasmanes
700 2226 868 2274 integros
901 2231 1020 2262 semet
1051 2240 1073 2262 a
1107 2227 1288 2264 Parthico
