1419 2428
437 69 605 106 LIBER
640 69 702 106 VI.
742 80 903 113 v111‚1x.
1247 68 1267 105 7

87 166 353 215 accipiebatur.
417 166 520 210 Quid
549 166 661 214 ergo‘.²
698 165 924 201 indistincta
968 164 1059 199 hacc
1100 163 1269 198 defensio

89 234 127 266 et
158 230 345 279 promisca
368 230 549 275 dabitur,
579 230 697 265 immo
724 229 836 265 iustis
861 228 1036 265 terminis
1062 227 1266 264 dividatur.

90 294 261 330 Insidiae
286 294 326 329 iu
358 306 439 329 rem
469 293 674 342 publicam,
714 292 872 329 consilia
905 292 1029 328 caedis
1064 291 1270 326 adversum

89 356 357 405 imperatorem
394 357 630 405 puniantur:
671 357 718 393 de
743 356 912 392 amicitia
941 360 979 391 et
1005 355 1136 391 officiis
1166 355 1269 390 idem

91 422 178 458 finis
197 426 235 458 et
255 426 304 468 te,
330 422 479 468 Caesar,
500 425 540 458 et
560 434 629 457 nos
649 421 880 458 absolverit.’

92 568 145 602 lx,
188 568 224 594 x.
283 556 499 594 Continued
527 557 769 605 proceedingys
810 556 962 604 aqaz'nst
998 556 1155 592 accusecl
1187 569 1270 604 per-

143 635 229 659 sons
261 622 344 658 both
374 621 492 668 before
526 621 582 658 tlte
613 621 746 658 Sensit&
780 621 862 657 ancl
896 621 936 656 in
969 621 1024 656 tlte
1056 620 1270 667 Emperor’s

144 699 228 723 own
249 699 429 734 presence.
487 685 657 721 Natural
676 685 786 721 death
805 684 853 733 of
870 685 912 722 L.
935 684 1038 730 Piso,
1060 683 1249 731 Pontifiwc.

171 787 247 824 IX.
306 786 535 823 Constantia
568 786 764 832 orationis,
799 790 838 822 et
867 785 957 835 quia
985 789 1159 834 repertus
1188 790 1270 821 erat

93 851 159 900 qui
189 851 339 887 efferret
371 864 469 899 quae
500 863 630 886 omnes
663 850 791 886 animo
824 851 1032 899 agitabant,
1068 862 1112 885 eo
1148 862 1270 897 usque

93 919 261 964 potuere,
293 919 338 951 ut
366 920 604 952 accusatores
633 915 725 962 eius,
762 915 903 951 additis
934 928 1031 963 quae
1064 919 1154 950 ante
1182 914 1271 950 deli-

93 983 265 1028 querant,
287 980 403 1015 exilio
421 985 489 1015 aut
508 984 631 1015 morte
650 980 921 1017 multarentur.

173 1042 330 1079 Secutae
363 1043 501 1079 dehinc
527 1042 671 1078 Tiberii
697 1041 851 1078 litterae
876 1042 918 1077 in
949 1041 1034 1078 Sex.
1057 1041 1271 1077 Vestilium

93 1107 338 1155 praetorium,
360 1120 474 1156 quem
502 1107 630 1143 Druso
658 1107 770 1143 fratri
792 1119 989 1155 percarum
1009 1106 1051 1141 in
1079 1106 1272 1141 cohortem

93 1183 201 1207 suam
242 1171 502 1207 transtulerat.
561 1170 685 1206 Causa
724 1169 942 1206 offensionis
979 1169 1145 1205 Vestili‹›
1184 1169 1270 1213 fuit,

94 1247 161 1271 seu
203 1238 467 1283 composuerat
499 1235 686 1283 quaedam
724 1235 767 1270 in
806 1233 944 1270 Caium
988 1232 1189 1269 Caesarem
1227 1238 1272 1269 ut

93 1298 340 1346 impudicum,
362 1298 443 1334 sive
461 1299 550 1334 ficto
577 1298 710 1334 habita
734 1297 837 1335 fides.
882 1298 1016 1346 Atque
1042 1297 1090 1333 ob
1118 1297 1158 1332 id
1186 1309 1272 1333 con-

98 1363 205 1398 victu
233 1363 418 1412 principis
445 1363 663 1412 prohibitus
700 1375 788 1399 cum
825 1362 938 1398 senili
975 1374 1093 1397 manu
1128 1362 1271 1397 ferrum

93 1425 370 1473 temptavisset‚
418 1425 563 1474 obligat
595 1438 737 1472 venas,
785 1429 1037 1474 precatusque
1070 1438 1138 1473 per
1175 1424 1272 1460 codi-

94 1490 211 1534 cillos,
233 1489 376 1526 immiti
394 1491 589 1539 rescripto,
611 1503 729 1526 venas
752 1489 920 1527 resolvit.
978 1488 1204 1525 Acervatim
1225 1500 1272 1523 ex

94 1566 138 1590 eo
165 1554 323 1589 Annius
359 1554 494 1601 Pollio,
525 1555 678 1603 Appius
712 1554 877 1600 Silanus,
911 1553 1052 1590 Scauro
1078 1553 1272 1589 Mamerco

95 1619 209 1655 simul
237 1632 279 1655 ac
313 1618 453 1654 Sabino
487 1618 665 1664 Calvisio,
702 1618 912 1654 maiestatis
941 1618 1199 1666 postulantur,
1233 1621 1272 1652 et

96 1679 328 1717 Vinicianus
356 1679 522 1715 Pollioni
559 1679 663 1728 patri
691 1679 939 1725 adiciebatur,
961 1678 1054 1715 clari
1083 1690 1204 1726 genus
1234 1682 1272 1712 et

96 1745 250 1793 quidam
270 1743 427 1780 summis
446 1743 667 1780 honoribus.
723 1743 1122 1790 Contremuerantque
1142 1746 1272 1790 patres

98 1807 204 1859 (nam
240 1811 380 1855 quotus
417 1807 578 1855 quisque
615 1806 830 1842 adfinitatis
870 1809 939 1841 aut
975 1804 1167 1840 amicitiae
1212 1808 1272 1839 tot

97 1871 321 1908 inlustrium
347 1871 519 1906 virorum
545 1883 679 1918 expers
707 1874 790 1906 erat
805 1870 845 1918 2),
872 1870 913 1905 ni
942 1869 1074 1906 Celsus
1102 1869 1271 1903 urbanae

97 1935 264 1972 cohortis
299 1934 490 1979 tribunus,
529 1939 613 1970 tum
659 1934 763 1970 inter
808 1934 964 1979 indices,
1012 1932 1187 1981 Appium
1233 1936 1272 1968 et

100 1998 310 2035 Calvisium
330 1997 543 2034 discrimini
571 1997 783 2034 exemisset.
843 1997 982 2033 Caesar
1015 1995 1200 2032 Pollionis
1228 2008 1270 2031 ac

98 2061 296 2098 Viniciani
334 2061 541 2109 Scaurique
587 2073 751 2105 causam,
790 2063 836 2095 ut
876 2060 957 2108 ipse
1003 2072 1090 2094 cum
1135 2062 1270 2094 senatu

98 2129 278 2171 nosceret,
293 2124 455 2172 distulit,
473 2123 572 2160 datis
587 2123 817 2172 quibusdam
833 2123 874 2158 in
894 2122 1078 2159 Scaurum
1093 2121 1270 2158 tristibus

99 2188 209 2226 notis.
