1419 2428
117 106 164 143 12
433 104 497 140 TA
506 103 630 142 CITI
665 104 814 140 ANNA
822 104 975 142 LIUM.

114 201 214 237 itum
233 201 442 245 fraudibus,
464 214 560 249 quae
580 201 721 237 totiens
747 214 938 249 repressae
967 202 1083 238 miras
1106 215 1173 251 per
1192 207 1292 240 artes

114 277 267 300 rursum
298 263 529 300 oriebantur.
587 263 660 299 Sed
690 267 773 299 tum
807 264 1000 300 Gracchus
1032 270 1195 313 praetor,
1230 266 1292 302 cui

114 340 159 363 ea
186 326 358 375 quaestio
380 329 571 371 evenerat,
601 326 854 362 multitudine
883 327 1187 375 periclitantium
1207 329 1292 365 sub-

113 395 222 426 actus
251 389 404 426 rettulit
435 389 483 425 ad
513 393 701 434 senatum,
737 390 955 438 trepidique
992 395 1121 439 patres
1153 390 1292 441 (neque

114 454 217 490 enim
246 454 449 502 quisquam
478 453 549 489 tali
575 453 686 502 culpa
711 452 868 503 vacuus)
890 455 1042 490 veniam
1071 468 1092 490 a
1119 455 1292 504 principe

113 517 306 566 petivere:
348 522 387 553 et
417 517 645 553 eoncedente
686 530 809 553 annus
845 517 887 553 in
924 523 1118 566 posterum
1149 531 1290 568 sexque

113 595 261 618 menses
284 582 374 628 dati,
396 581 482 630 quis
507 581 715 617 secundum
744 582 847 617 iussa
873 582 967 631 legis
995 583 1163 619 rationes
1185 583 1291 619 fami-

113 646 225 682 liares
245 646 405 695 quisque
424 649 703 694 componerent.

183 709 325 746 XVII.
357 709 463 746 Hinc
482 709 612 758 inopia
624 709 681 745 rei
699 710 948 756 nummariae,
967 716 1157 747 commoto
1177 712 1291 748 simul

114 775 286 810 omnium
320 787 406 810 aere
434 774 570 820 alieno,
603 777 642 810 et
674 774 765 822 quia
793 778 852 810 tot
885 775 1077 812 damnatis
1108 776 1292 824 bonisque

113 850 244 873 eorum
265 837 474 873 divenditis
502 837 696 886 signatum
718 842 922 887 argentum
947 839 1036 874 fisco
1058 838 1120 874 vel
1145 838 1292 875 aerario

113 901 364 938 attinebatur.
422 901 489 937 Ad
508 901 578 938 hoc
597 906 753 938 senatus
773 904 1064 951 praescripserat,
1079 903 1174 938 <luas
1193 902 1291 951 quis-

113 978 187 1013 que
206 965 346 1001 fenoris
367 969 496 1014 partes
516 965 558 1001 in
577 966 678 1014 agris
698 979 764 1014 per
784 966 941 1002 Italiam
961 967 1184 1003 conlocaret.
1216 966 1291 1004 Sed

113 1030 317 1066 creditores
345 1029 387 1065 in
418 1029 582 1065 solidum
619 1031 876 1078 appellabant,
916 1043 984 1067 nec
1022 1031 1201 1066 decorum
1230 1043 1292 1079 ap-

113 1094 265 1142 pellatis
277 1094 457 1149 minuere
482 1094 607 1130 fidem.
666 1094 730 1130 Ita
749 1094 872 1142 primo
898 1096 1135 1131 concursatio
1154 1099 1193 1131 et
1211 1107 1292 1144 pre-

113 1171 173 1195 ces
186 1172 196 1205 3
225 1158 311 1194 dein
333 1163 500 1207 strepere
520 1159 706 1206 praetoris
725 1159 907 1205 tribunal,
926 1172 1044 1208 eaque
1063 1172 1161 1208 quae
1176 1171 1292 1195 reme-

112 1223 176 1259 dio
196 1223 379 1272 quaesita,
400 1223 575 1259 venditio
594 1226 634 1258 et
653 1223 806 1271 emptio,
821 1223 861 1258 in
881 1223 1117 1259 contrarium
1136 1223 1290 1268 mutari,

113 1287 205 1336 quia
240 1287 472 1323 feneratores
508 1299 660 1323 omnem
697 1287 896 1336 pecuniam
942 1287 1154 1323 mercandis
1190 1287 1292 1336 agris

113 1351 374 1388 condiderant.
415 1350 573 1399 Gopiam
597 1351 789 1387 vendendi
815 1355 944 1387 secuta
962 1352 1126 1397 vilitate,
1148 1356 1292 1399 quanto

113 1416 199 1465 quis
218 1416 440 1461 obaeratior,
458 1416 608 1464 aegrius
627 1415 903 1461 distrahebant,
918 1416 1106 1464 multique
1126 1415 1292 1451 fortunis

114 1480 442 1529 provolvebantur
456 1492 468 1526 3
511 1479 657 1516 eversio
689 1480 744 1515 rei
772 1479 974 1515 familiaris
994 1479 1222 1527 dignitatem
1248 1491 1291 1515 ac

112 1545 254 1581 famam
283 1556 462 1593 praeceps
496 1543 623 1589 dabat,
655 1544 773 1580 donec
806 1544 898 1579 tulit
925 1556 1034 1592 opem
1060 1543 1196 1579 Caesar
1221 1543 1292 1579 dis-

114 1608 238 1657 posito
266 1620 334 1656 per
358 1620 507 1643 mensas
535 1607 659 1643 milies
684 1607 859 1644 sestertio
885 1608 1060 1656 factaque
1087 1606 1291 1643 mutuandi

114 1672 222 1721 copia
250 1672 332 1708 sine
359 1671 486 1707 usuris
514 1684 581 1719 per
612 1671 832 1716 triennium,
856 1671 888 1707 si
916 1671 1067 1707 debitor
1091 1670 1230 1719 populo
1249 1670 1290 1705 in

114 1736 275 1785 duplum
294 1735 458 1784 praediis
478 1736 649 1772 cavisset.
684 1735 746 1772 Sic
766 1736 906 1771 refecta
926 1735 1028 1780 fides,
1047 1738 1086 1771 et
1105 1734 1289 1783 paulatim

113 1801 257 1850 privati
293 1812 444 1849 quoque
489 1800 695 1836 creditores
741 1801 892 1849 reperti.
965 1800 1102 1848 Neque
1146 1800 1291 1848 emptio

115 1878 292 1913 agrorum
316 1864 485 1900 exercita
503 1865 552 1900 ad
582 1864 744 1900 formam
764 1869 918 1900 senatus
939 1864 1113 1910 consulti,
1137 1864 1290 1900 acribus

116 1935 161 1966 ut
179 1930 296 1966 ferme
316 1928 419 1975 talia,
441 1928 573 1975 initiis,
597 1929 787 1964 incurioso
808 1929 891 1965 fine.

117 2048 232 2082 XVIII,
253 2047 334 2072 XIX.
393 2034 570 2072 Iz'enewctl
587 2033 634 2082 (gf
645 2034 702 2071 tlte
720 2034 965 2071 accusatione.
1017 2034 1176 2071 General
1193 2048 1290 2072 mas-

168 2115 271 2139 sacre
290 2101 337 2149 of
357 2101 447 2137 such
475 2099 522 2148 of
542 2100 599 2136 tlte
615 2098 772 2147 friends
791 2099 839 2147 of
859 2099 1020 2147 ›S'aejanus
1038 2112 1081 2135 as
1099 2099 1177 2136 still
1200 2112 1291 2136 were

169 2165 234 2214 lest
251 2165 296 2202 in
308 2165 453 2214 prison.
512 2164 589 2200 1¹]ae
607 2164 757 2200 horrors
776 2162 823 2210 <gf
835 2163 891 2199 tlte
911 2163 1007 2199 time.

196 2245 363 2284 XVIII.
423 2245 524 2282 Dein
556 2245 719 2281 redeunt
756 2243 900 2293 priores
937 2248 1061 2280 metus
1098 2243 1290 2293 postulato
