1419 2428
467 77 636 114 LIBER
670 77 731 114 VI.
775 89 894 115 11—V.
1249 80 1270 115 3

98 175 206 212 dolus
234 175 331 212 Gaio
365 175 517 211 Caesari
545 178 753 222 pararetur.
806 174 917 218 Quod
940 178 1142 223 postquam
1171 179 1275 223 pate-

97 240 252 284 factum,
273 251 479 288 prorupere
499 242 680 287 concepta
704 238 853 287 pridem
881 238 968 274 odia
975 251 985 284 3
1015 243 1054 275 et
1079 251 1273 274 summum

97 302 326 351 supplicium
345 302 630 348 decernebatur,
658 302 700 337 ni
719 302 909 350 professus
928 301 1115 338 indicium
1134 302 1244 338 foret.

175 420 228 447 IV.
287 409 376 445 Fall
393 408 644 457 ofLatiarzfs;
674 409 828 457 quarrel
846 407 959 456 oftlte
978 408 1192 446 ecc-consuls.

177 490 251 526 IV.
310 490 370 526 Ut
401 503 490 526 vero
519 489 716 525 Latinium
748 489 940 525 Latiarem
977 489 1170 538 ingressus
1204 494 1272 535 est,

98 559 292 591 accusator
310 567 352 590 ac
372 567 459 591 reus
479 555 589 590 iuxta
604 554 721 590 invisi
736 554 997 602 gratissimum
1013 555 1270 602 spectaculum

98 618 339 666 praebebant.
398 617 573 663 Latiaris,
601 621 646 652 ut
669 616 814 662 rettuli,
836 616 1063 665 praecipuus
1087 616 1177 652 olim
1205 616 1274 652 cir-

97 681 367 718 cumveniendi
412 681 506 717 Titii
553 681 686 717 Sabini
725 685 764 716 et
800 684 894 716 tunc
936 680 1098 716 luendae
1131 693 1274 728 poenae

97 746 243 795 primus
271 746 355 783 fuit.
414 746 524 782 Inter
554 758 650 794 quae
674 745 863 781 Haterius
893 745 1070 793 Agrippa
1101 743 1275 781 consules

97 809 188 845 anni
221 809 358 858 prioris
383 810 535 856 invasit,
576 822 644 845 cur
673 814 810 845 mutua
847 809 1086 844 accusatione
1123 809 1276 845 intenta

97 885 198 909 nunc
217 873 399 909 silerent:
430 879 578 909 metum
597 885 752 920 prorsus
775 877 814 908 et
838 872 995 908 noxiam
1021 872 1274 908 conscientiae

98 949 164 984 pro
194 936 344 972 foedere
373 935 504 972 haberi
513 950 523 982 3
565 940 605 971 at
642 948 720 971 non
748 935 922 983 patribus
952 934 1148 971 reticenda
1178 948 1275 984 quae

98 1000 342 1036 audivissent.
403 1000 576 1048 Regulus
607 1012 761 1035 manere
791 1004 944 1047 tempus
967 998 1137 1045 ultionis,
1161 1012 1275 1048 seque

99 1076 224 1099 coram
269 1063 442 1111 principe
488 1067 759 1098 exsecuturum
774 1074 784 1108 3
840 1062 930 1098 Trio
976 1062 1275 1098 aemulationem

98 1128 200 1162 inter
231 1126 392 1174 collegas
429 1130 467 1162 et
505 1126 538 1162 si
575 1139 650 1175 qua
687 1126 877 1162 discordes
914 1126 1102 1171 iecissent,
1138 1127 1275 1163 melius

97 1188 293 1224 obliterari
320 1188 527 1238 respondit.
586 1188 791 1237 Urguente
816 1189 1003 1237 Agrippa,
1039 1188 1275 1238 Sanquinius

97 1251 294 1287 Maximus
334 1263 354 1287 e
392 1251 654 1287 consularibus
691 1252 817 1287 oravit
859 1255 1035 1288 senatum
1072 1264 1120 1287 ne
1166 1265 1276 1288 curas

97 1316 337 1364 imperatoris
383 1315 607 1363 conquisitis
653 1316 809 1364 insuper
855 1315 1128 1351 acerbitatibus
1166 1329 1276 1365 auge-

97 1383 203 1416 rent:
233 1379 402 1415 sufficere
423 1379 549 1427 ipsum
569 1379 783 1414 statuendis
802 1379 988 1414 remediis.
1047 1378 1110 1415 Sic
1125 1379 1274 1428 Regulo

98 1445 201 1480 salus
246 1446 285 1479 et
330 1442 460 1478 Trioni
507 1442 642 1478 dilatio
683 1441 796 1477 exitii
841 1442 1024 1490 quaesita.
1085 1442 1274 1479 Haterius

98 1508 260 1551 invisior
278 1507 365 1552 suit,
386 1506 476 1554 quia
509 1519 641 1542 somno
671 1510 739 1542 aut
762 1506 979 1542 libidinosis
1006 1506 1150 1555 vigiliis
1178 1520 1274 1544 mar-

98 1573 214 1618 eidus,
250 1576 289 1608 et
321 1572 369 1607 ob
397 1571 599 1619 segnitiam
636 1571 812 1620 quamvis
842 1571 1033 1607 crudelem
1063 1571 1275 1620 principem

99 1651 176 1674 non
189 1646 374 1683 metuens,
404 1636 633 1672 inlustribus
652 1637 746 1672 viris
765 1637 974 1685 perniciem
993 1637 1096 1671 inter
1115 1648 1274 1684 ganeam

99 1715 141 1738 ac
160 1706 292 1751 stupra
311 1701 580 1738 meditabatur.

98 1826 131 1850 v.
181 1814 365 1851 Fruitless
391 1820 542 1862 attempt
567 1819 601 1850 to
629 1813 738 1861 brinq
763 1814 875 1851 about
902 1814 958 1851 tlte
985 1814 1078 1851 ruia
1098 1813 1144 1861 of
1164 1813 1274 1851 Cotta

561 1878 802 1916 Messalinus.

176 1958 225 1995 V.
284 1957 389 1995 Exin
417 1957 532 1994 Cotta
556 1957 799 2004 Messalinus
827 1958 1068 1995 saevissimae
1090 1957 1272 2007 cuiusque

99 2022 311 2059 sententiae
329 2026 462 2057 auctor
480 2034 598 2070 eoque
621 2022 835 2058 inveterata
850 2023 1005 2068 invidia,
1024 2022 1090 2057 ubi
1104 2022 1271 2070 primum

99 2085 260 2121 facultas
291 2085 392 2131 data,
431 2085 606 2133 arguitur
638 2086 820 2134 pleraque
834 2101 843 2133 3
884 2086 925 2122 C.
958 2086 1157 2122 Caesarem
1188 2098 1273 2121 cum

100 2150 161 2186 die
191 2149 315 2186 natali
346 2150 548 2197 Augustae
576 2150 678 2185 inter
700 2151 912 2186 sacerdotes
945 2150 1176 2199 epularetur,
1211 2163 1273 2186 no-

100 2213 312 2250 vendialem
325 2225 408 2249 eam
427 2225 558 2248 cenam
578 2213 719 2249 dixisse
734 2227 745 2260 3
777 2225 1014 2262 querensque
1033 2213 1079 2249 de
1100 2213 1273 2261 potentia

1052 2290 1159 2327 1—2
