1434 2413
123 67 171 104 32
449 65 633 104 TACITI
668 64 982 102 ANNALIUM

121 169 243 217 oipem
272 167 457 213 honores,
484 180 579 216 quos
607 167 780 203 omiserit
806 168 1051 215 receperitve,
1081 166 1122 202 in
1151 167 1296 202 incerto

123 232 199 268 fuit
223 232 270 268 ob
293 231 550 279 propinquum
576 231 678 267 vitae
701 231 827 267 finem.
887 231 1024 279 Neque
1048 230 1151 266 enim
1174 229 1297 265 multo

125 301 211 346 post
248 295 418 345 supremi
458 295 611 331 Tiberio
652 295 832 339 consules,
874 294 943 331 Cn.
983 294 1216 330 Acerronius
1255 292 1295 328 (5.

124 361 297 406 Pontius,
332 359 600 408 magistratum
635 372 821 407 occepere,
858 358 979 393 nimia
1016 358 1090 394 iam
1126 358 1300 406 potentia

126 424 330 469 Macronis
369 424 436 472 qui
472 424 636 472 gratiam
675 423 714 460 C.
764 423 935 460 Caesaris
973 436 1187 471 numquam
1225 422 1298 458 sibi

125 487 338 536 neglectam
371 487 495 523 acrius
527 487 569 523 in
602 487 682 523 dies
715 486 869 522 fovebat
902 486 1183 536 impuleratque
1216 490 1302 534 post

129 554 288 585 mortem
325 549 516 596 Claudiae,
552 563 666 598 quam
699 554 860 598 nuptam
894 549 930 585 ei
961 549 1106 594 rettuli,
1143 561 1298 585 uxorem

128 626 236 649 suam
286 613 452 648 Enniam
500 613 687 649 imitando
725 625 892 649 amorem
929 612 1107 648 iuvenem
1145 611 1301 647 inlicere

126 680 311 725 pactoque
346 677 582 712 matrimonii
613 676 770 722 vincire,
803 676 901 711 nihil
935 676 1178 720 abnuentem,
1211 675 1302 710 dum

127 739 401 776 dominationis
422 740 664 788 apisceretur.
705 739 807 775 Nam
825 739 897 775 etsi
916 743 1128 775 commotus
1150 737 1304 786 ingenio

129 803 419 839 simulationum
439 807 569 839 tamen
588 804 682 839 falsa
701 803 741 838 in
762 803 848 839 sinu
868 803 931 838 avi
950 802 1211 851 pei-didicerat.

129 923 232 948 XLVI.
290 911 507 948 Hesitation
526 911 574 958 of
592 911 764 948 Tiberius
787 925 829 947 (13
850 917 884 948 to
903 911 961 946 lais
985 922 1175 946 successor.
1232 908 1307 944 llis

332 975 489 1010 distrust
509 973 556 1021 of
567 974 623 1011 the
642 975 833 1010 character
852 974 900 1021 of
911 973 1098 1021 C'cclaefgjzcla.

211 1058 361 1095 XLVI.
432 1059 606 1095 Gnarum
644 1059 713 1095 lioc
746 1059 921 1108 principi,
959 1072 1077 1108 eoque
1114 1057 1308 1094 dubitavit

133 1124 179 1159 de
211 1123 397 1159 tradenda
426 1137 467 1159 re
497 1123 659 1172 publiea,
688 1124 855 1172 primum
885 1124 988 1160 inter
1017 1127 1186 1172 nepotes,
1221 1134 1309 1171 quo-

131 1201 218 1224 rum
252 1187 380 1224 Druso
410 1189 563 1236 genitus
590 1188 773 1237 sanguine
804 1192 843 1224 et
872 1189 1030 1224 caritate
1055 1188 1218 1236 propior,
1245 1186 1310 1222 sed

132 1253 304 1289 nondum
332 1253 575 1302 pubertatem
606 1253 810 1302 ingressus,
839 1254 1057 1290 Germanici
1086 1253 1165 1289 filio
1194 1253 1311 1288 robur

133 1321 326 1365 iuventae,
357 1318 465 1367 vulgi
491 1318 629 1365 studia,
657 1331 776 1367 eaque
802 1317 904 1366 apud
934 1330 1048 1353 avum
1078 1316 1157 1352 odii
1186 1327 1307 1352 causa.

134 1384 264 1420 Etiam
292 1383 339 1420 de
369 1382 529 1419 Claudio
558 1382 733 1431 agitanti,
765 1382 867 1431 quod
899 1381 932 1417 is
961 1381 1159 1429 conposita
1186 1384 1311 1416 aetate

135 1450 322 1484 bonarum
355 1447 497 1482 artium
535 1446 693 1494 cupiens
729 1450 822 1491 erat,
861 1445 1056 1481 inminuta
1086 1456 1194 1480 mens
1231 1442 1312 1478 eius

138 1512 299 1549 obstitit.
358 1510 427 1547 Sin
452 1514 562 1547 extra
587 1510 742 1546 domum
767 1522 959 1546 successor
977 1510 1235 1557 quaereretur,
1264 1519 1313 1542 ne

136 1575 318 1612 memoria
337 1574 518 1622 Augusti,
548 1586 597 1610 ne
622 1586 763 1610 nomen
787 1573 989 1609 Caesarum
1017 1572 1057 1608 in
1084 1571 1250 1607 ludibria
1276 1577 1314 1607 et

137 1637 386 1675 contumelias
406 1641 602 1673 verterent
617 1637 824 1673 metuebat.
875 1636 1034 1685 Quippe
1055 1635 1112 1671 illi
1131 1647 1208 1671 non
1227 1646 1307 1683 per-

138 1703 227 1740 inde
270 1714 382 1738 curae
427 1702 551 1749 gratia
596 1701 856 1750 praesentium
903 1713 1017 1749 quam
1061 1699 1102 1735 in
1144 1702 1314 1748 posteros

139 1765 308 1802 ambitio.
368 1764 465 1801 Mox
501 1765 671 1800 incertus
711 1763 841 1809 animi,
885 1764 982 1799 fesso
1022 1774 1187 1810 corpore,
1232 1773 1315 1797 con-

139 1830 280 1875 silium,
314 1829 375 1865 cui
407 1829 532 1877 impar
565 1832 656 1874 erat,
695 1828 775 1864 fato
811 1826 995 1876 permisit,
1035 1826 1144 1862 iactis
1185 1833 1315 1861 tamen

140 1894 295 1930 vocibus
328 1906 394 1942 per
422 1905 515 1941 quas
546 1893 835 1939 intellegeretur
862 1890 1044 1939 providus
1072 1891 1315 1934 futurorum,

141 1970 304 2006 namque
334 1956 510 1993 Macroni
537 1969 613 1992 non
647 1956 779 1992 abdita
810 1955 968 2003 ambage
1002 1953 1235 1990 occidentem
1267 1952 1314 1988 ab

145 2035 188 2058 eo
228 2021 360 2063 deseri,
394 2020 579 2056 orientem
613 2019 777 2068 spectari
809 2018 1065 2067 exprobravit.
1139 2016 1192 2052 Et
1226 2016 1317 2052 Caio

143 2086 305 2131 Caesari,
328 2086 424 2120 forte
445 2088 527 2120 orto
548 2096 720 2120 sermone
741 2083 782 2119 L.
807 2083 952 2119 Sullani
973 2080 1168 2126 inridenti,
1191 2079 1318 2116 omnia

145 2149 272 2186 Sullae
301 2148 397 2184 vitia
430 2152 469 2184 et
504 2147 649 2184 nullam
684 2147 853 2183 eiusdem
881 2146 1066 2182 virtutem
1096 2144 1318 2180 habiturum

144 2209 345 2258 praedixit.
426 2209 548 2245 Simul
595 2208 736 2245 crebris
790 2220 876 2244 eum
922 2206 1088 2243 lacrimis
1135 2206 1319 2240 minorem
