1419 2428
163 91 212 127 28
492 87 555 123 TA
564 86 622 124 CI
626 86 686 122 TI
719 85 751 122 Α
762 85 866 121 NNA
875 84 933 120 LI
941 84 977 121 U
978 84 1027 120 ill

163 190 229 226 scd
261 189 397 225 urbem
426 187 549 234 iuxta,
581 186 713 223 eodem
740 190 786 222 ut
810 185 871 222 die
896 185 958 221 vel
983 184 1105 220 noctis
1135 183 1336 220 interiectu

162 254 285 290 literis
304 252 503 289 consulum
526 250 761 296 rescriberet,
789 249 899 298 quasi
923 249 1108 297 aspiciens
1127 248 1336 283 undantem

164 330 231 365 per
259 317 390 352 domos
423 315 648 362 sanguinem
680 318 748 350 aut
780 326 918 350 manus
954 312 1183 349 carnificum.
1242 311 1338 347 Fine

162 381 256 417 anni
284 380 484 428 Poppaeus
511 378 675 414 Sabinus
701 378 886 413 concessit
911 377 1002 423 vita,
1031 376 1201 412 modicus
1229 375 1340 423 origi-

163 444 234 490 nis,
273 443 489 492 principum
536 442 704 478 amicitia
751 442 991 477 consulatum
1027 454 1070 477 ac
1106 439 1339 488 triumphale

165 509 278 544 decus
315 507 476 556 adeptus
512 506 766 554 maximisque
811 505 1018 554 provinciis
1054 517 1122 553 per
1158 508 1341 553 quattuor

164 576 204 608 et
221 571 364 620 viginti
391 583 511 606 annos
538 571 737 619 inpositus,
765 570 912 605 nullam
932 570 978 605 ob
998 569 1179 605 eximiam
1204 572 1339 612 artem,

165 636 229 672 sed
248 635 349 684 quod
368 648 437 684 par
455 635 618 683 negotiis
636 647 759 682 neque
779 647 892 683 supra
912 638 1003 669 erat.

245 699 332 736 XL.
390 699 434 743 Q.
458 698 636 735 Plautius
662 698 748 735 Sex,
772 697 957 746 Papinius
983 696 1155 733 consules
1181 708 1342 744 sequun-

165 768 239 800 tur.
298 763 354 800 Eo
388 776 489 799 anno
519 775 642 811 neque
670 762 771 811 quocl
801 762 843 798 L.
877 761 1067 798 Aruseius
1087 761 1110 783 ’κ
1131 761 1154 784 '5
1178 759 1198 780 ⁹⁵
1219 764 1342 796 morte

166 828 306 865 adfecti
325 828 462 872 forent,
491 826 744 862 adsuetudine
768 826 956 862 malorum
976 829 1020 861 ut
1040 829 1153 862 atrox
1172 824 1342 860 adverte-

165 893 290 938 batur,
324 892 390 928 sed
420 891 610 928 exterruit
639 890 742 939 quod
771 891 990 926 Vibulenus
1019 890 1196 939 Agrippa
1228 902 1342 938 eques

168 956 378 1000 Romanus,
406 968 492 991 eum
520 958 760 1002 perorassent
787 958 1033 999 accusatores,
1059 954 1100 989 in
1128 953 1210 1002 ipsa
1238 953 1344 989 curia

167 1019 435 1067 depromptum
473 1017 560 1054 sinu
588 1030 780 1053 venenum
808 1017 949 1063 hausit,
988 1017 1263 1065 prolapsusque
1300 1028 1343 1052 ac

167 1083 419 1119 moribundus
448 1081 639 1118 festinatis
669 1081 848 1117 lictorum
878 1082 1055 1117 manibus
1087 1080 1129 1116 in
1159 1093 1343 1116 carcerem

166 1150 301 1195 raptus
337 1150 404 1192 est,
439 1145 644 1194 faucesque
674 1145 751 1181 iam
788 1145 976 1181 exanimis
1005 1145 1140 1192 laqueo
1170 1149 1343 1180 vexatae.

168 1211 230 1246 Ne
263 1210 446 1258 Tigranes
474 1209 638 1257 quidem,
670 1208 857 1244 Armenia
894 1208 1086 1256 quondam
1123 1207 1269 1256 potitus
1303 1219 1345 1242 ac

168 1279 261 1310 tunc
279 1286 377 1320 reus,
399 1273 554 1310 nomine
578 1272 683 1321 regio
708 1272 891 1321 supplici-a
917 1272 1058 1308 civium
1085 1271 1230 1319 effugit.
1288 1273 1347 1307 At

167 1342 206 1378 C.
244 1340 368 1377 Galba
404 1337 613 1375 consularis
646 1341 685 1373 et
717 1337 791 1372 duo
824 1336 952 1372 Blaesi
981 1335 1201 1372 voluntario
1237 1335 1345 1371 exitu

169 1404 346 1449 cecidere,
379 1402 503 1439 Galba
532 1401 709 1437 tristibus
743 1400 914 1437 Caesaris
950 1400 1072 1436 litoris
1110 1400 1346 1449 provinciam

169 1467 299 1505 sortiri
326 1465 565 1515 prohibitus:
613 1464 759 1501 Blaesis
787 1464 1007 1510 sacerdotia,
1037 1464 1188 1513 integra
1215 1476 1345 1500 eorum

170 1532 281 1568 domo
313 1529 516 1573 destinata,
551 1529 734 1565 convulsa
771 1528 983 1574 distulerat,
1022 1531 1116 1564 tunc
1152 1532 1198 1564 ut
1225 1540 1348 1564 vacua

170 1595 335 1633 contulit
365 1594 406 1630 in
436 1593 541 1638 alios,
573 1593 675 1641 quod
705 1593 856 1641 signum
886 1592 1021 1628 mortis
1054 1592 1277 1628 intellexere
1307 1595 1347 1627 et

172 1659 342 1696 exsecuti
380 1661 479 1694 sunt.
550 1656 603 1692 Et
639 1655 809 1691 Aemilia
851 1655 1006 1703 Lepida,
1055 1667 1169 1703 quam
1214 1654 1346 1691 iuveni

172 1723 301 1760 Druso
339 1725 500 1770 nuptam
538 1719 684 1765 rettuli,
724 1718 865 1755 crebris
902 1718 1126 1755 criminibus
1161 1718 1345 1754 maritum

172 1787 369 1830 insectata,
391 1796 621 1832 quamquam
641 1782 883 1828 intestabilis,
908 1786 1038 1818 tamen
1056 1780 1248 1829 impunita
1266 1793 1349 1829 age-

172 1851 250 1896 bat,
278 1849 368 1886 dum
398 1846 588 1896 superfuit
614 1849 722 1894 pater
747 1845 940 1893 Lepidus:
968 1849 1054 1894 post
1073 1858 1095 1880 a
1114 1844 1349 1881 delatoribus

173 1912 379 1960 corripitur
407 1910 455 1946 ob
483 1922 635 1946 servum
663 1909 892 1954 adultorum,
927 1921 996 1944 nec
1024 1908 1274 1944 dubitabatur
1301 1907 1347 1943 de

172 1976 327 2024 flagitio.
361 1974 463 2023 Ergo
478 1972 616 2010 omissa
632 1971 849 2008 defensione
864 1973 977 2008 finem
993 1971 1097 2007 vitae
1116 1971 1189 2007 sibi
1208 1970 1346 2019 posuit.

174 2111 414 2139 XL1.—XL1v.
472 2098 601 2135 Bevolt
630 2097 711 2134 (md
731 2096 970 2145 sulgy'uqation
996 2094 1043 2142 qs
1067 2095 1123 2132 the
1158 2095 1289 2140 Clitae,
1323 2107 1349 2130 (ι

227 2163 498 2212 Cappadociam
527 2162 627 2199 tribe.
690 2161 870 2197 Political
897 2160 1055 2207 chanyes
1090 2160 1133 2196 in
1170 2158 1345 2196 Parthia.

226 2228 416 2265 Tiridates
442 2227 476 2263 is
504 2225 673 2264 crowned
707 2230 746 2261 at
780 2223 986 2271 Ctesiphon.
1044 2221 1264 2258 Artabanus
1292 2233 1347 2257 re-
