1419 2428
102 81 125 117 8
436 82 497 118 TA
504 80 558 120 CI
563 82 622 118 TI
649 81 681 117 Α
687 81 797 118 NNA
805 83 835 119 L
841 82 866 118 I
871 82 956 119 ms

183 178 234 215 X.
292 178 355 214 Ne
383 178 549 216 feminae
583 178 736 227 quidem
764 183 933 216 exsortes
966 179 1134 226 periculi.
1193 179 1279 224 Qua

105 243 344 291 occupandae
363 244 419 279 rei
439 243 612 292 publicae
628 243 736 291 argui
751 255 829 279 non
842 247 1028 291 poterant,
1045 243 1093 279 ob
1105 243 1278 280 lacrimas

103 307 381 343 incusabantur
392 320 403 353 3
431 311 641 356 necataque
661 311 718 343 est
737 319 832 342 anus
851 307 973 353 Vitia,
1003 307 1104 342 Fufii
1124 307 1279 344 Gemini

102 375 235 417 mater,
257 371 359 420 quod
378 371 448 407 filii
467 384 598 407 necem
617 371 792 407 flevisset.
840 371 949 407 Haec
968 371 1068 420 apud
1089 376 1274 408 senatum.

102 436 186 472 Nee
223 448 330 472 secus
366 436 468 484 apud
505 436 716 484 principem
753 435 1003 472 Vescularius
1043 435 1199 471 Flaccus
1235 448 1279 472 ac

102 500 227 536 Iulius
259 499 436 536 Marinus
473 500 520 535 ad
550 504 711 535 mortem
744 506 921 547 aguntur,
954 512 974 536 e
1011 499 1280 535 vetustissimis

102 564 360 610 familiarium,
382 564 565 600 Rhodum
584 564 707 600 secuti
726 568 764 600 et
783 564 883 612 apud
897 563 1060 612 Capreas
1074 563 1278 608 individui,

102 628 351 664 Vescularius
396 628 624 664 insidiarum
666 627 708 663 in
753 627 938 663 Libonem
983 627 1277 673 internuntius;

103 691 258 727 Marino
286 691 476 739 participe
510 691 668 727 Seianus
709 690 888 727 Curtium
918 691 1099 727 Atticum
1131 704 1281 740 oppres—

103 759 215 793 serat.
273 756 359 799 Quo
387 755 524 791 laetius
551 759 750 804 acceptum
778 768 847 791 sua
872 755 1047 804 exempla
1071 756 1111 791 iu
1138 756 1282 792 consul-

104 825 205 856 tores
224 820 410 855 recidisse.

184 883 259 920 Per
278 884 379 919 idem
399 888 550 932 tempus
570 883 611 920 L.
635 883 724 919 Piso
750 883 935 931 pontifex,
957 896 1088 918 rarum
1110 883 1151 919 in
1173 886 1283 919 tanta.

105 947 344 994 claritudine,
366 948 445 984 sato
464 948 571 993 obiit,
593 947 738 983 nullius
758 947 906 982 servilis
919 946 1130 983 sententiae
1149 951 1283 995 sponte

105 1017 248 1054 auctor,
288 1017 327 1048 et
363 1012 539 1060 quotiens
584 1011 790 1048 necessitas
836 1012 1042 1059 ingrueret,
1090 1011 1284 1059 sapienter

106 1077 316 1113 moderans.
374 1076 532 1113 Patrem
568 1076 604 1112 ei
640 1075 852 1112 censorium
891 1075 1009 1111 fuisse
1047 1075 1256 1111 memoravi
1272 1088 1282 1121 3

103 1145 206 1178 aetas
234 1142 282 1177 ad
307 1141 580 1190 octogesimum
607 1153 750 1176 annum
778 1140 961 1188 processit
975 1153 986 1186 3
1016 1140 1130 1176 decus
1150 1139 1283 1175 trium-

103 1206 215 1255 phale
252 1206 293 1241 in
331 1206 515 1241 Thraecia
551 1208 752 1241 meruerat.
811 1203 885 1240 Sed
917 1203 1123 1253 praecipua
1153 1216 1203 1239 ex
1240 1216 1284 1239 eo

104 1270 238 1319 gloria,
259 1270 360 1318 quod
383 1269 597 1319 praefectus
616 1269 705 1304 urbi
732 1281 862 1305 recens
882 1268 1103 1304 continuam
1123 1271 1286 1316 potesta-

104 1339 183 1371 tem
206 1339 244 1371 et
263 1335 470 1370 insolentia
489 1333 649 1383 parendi
667 1333 879 1382 graviorem
900 1333 995 1368 miro
1014 1332 1254 1380 temperavit.

105 1461 158 1486 xl.
232 1448 370 1496 Ofriyin
415 1449 495 1485 ancl
535 1448 681 1495 history
721 1447 768 1496 qf
807 1447 863 1484 che
909 1447 1006 1496 office
1051 1447 1100 1494 qf
1135 1450 1288 1496 praetor

610 1513 788 1549 urbanus.

185 1589 260 1625 XI.
319 1588 498 1637 Namque
528 1592 653 1634 antea,
692 1587 872 1636 profectis
909 1587 1020 1623 domo
1057 1586 1211 1634 regibus
1243 1599 1286 1623 ae

106 1667 198 1690 mox
229 1653 528 1702 magistratibus,
559 1665 608 1689 ne
646 1653 737 1688 urbs
776 1652 858 1688 sine
895 1651 1056 1700 imperio
1093 1651 1201 1696 foret,
1241 1651 1284 1686 in

108 1723 260 1767 tempus
292 1717 531 1765 deligebatur
563 1718 630 1765 qui
667 1717 728 1752 ius
761 1716 939 1752 redderet
972 1728 1015 1751 ac
1047 1715 1185 1750 subitis
1215 1727 1288 1750 me-

109 1782 264 1818 deretur
279 1794 289 1827 3
317 1781 523 1829 feruntque
552 1782 599 1817 ab
630 1780 798 1817 Romulo
830 1780 1018 1816 Dentrem
1049 1778 1288 1824 Romulium,

109 1850 194 1895 post
224 1845 271 1881 ab
301 1845 412 1880 Tullo
446 1845 616 1881 Hostilio
642 1844 813 1880 Numam
842 1843 1031 1880 Marcium
1060 1846 1099 1878 et
1126 1842 1174 1878 ab
1202 1842 1290 1878 Tar—

113 1909 245 1958 quinio
271 1909 444 1958 Superbo
473 1908 654 1957 Spurium
681 1907 905 1944 Lucretium
935 1906 1128 1955 inpositos.
1187 1906 1289 1942 Dein

112 1973 285 2010 consules
314 1973 549 2009 mandabant
565 1985 576 2019 3
608 1973 798 2020 duratque
827 1970 1082 2016 simulacrum,
1114 1971 1290 2019 quotiens

111 2038 158 2073 ob
188 2037 301 2072 serias
338 2036 498 2072 Latinas
534 2036 754 2085 praeficitur
791 2035 857 2084 qui
903 2034 1100 2070 consulare
1146 2046 1288 2070 munus

112 2106 280 2149 usurpet.
339 2100 518 2136 Ceterum
548 2103 750 2148 Augustus
779 2099 888 2135 bellis
916 2098 1094 2134 civilibus
1119 2097 1289 2134 Cilnium

113 2165 377 2202 Maecenatem
409 2164 597 2212 equestris
629 2163 773 2199 ordinis
803 2163 950 2198 cunetis
987 2162 1088 2210 apud
1127 2161 1290 2198 Romam

115 2234 229 2277 atque
252 2228 405 2264 Italiam
426 2227 668 2276 praeposuit:
702 2239 792 2262 mox
811 2239 938 2262 rerum
959 2225 1104 2274 potitus
1122 2225 1171 2262 ob
1190 2238 1290 2273 mag-
