1419 2428
415 81 584 118 LIBER
621 81 683 118 VJ.
726 92 935 119 xiii—xm.
1216 83 1260 119 11

84 196 198 234 quam
226 183 397 219 instabat
424 182 619 230 virginum
648 186 761 227 aetas,
785 181 828 219 L.
860 181 1045 227 Cassium,
1076 182 1129 218 M.
1152 182 1265 218 Vini-

84 248 184 284 cium
204 247 307 296 legit.
367 246 525 282 Vinicio
545 246 778 295 oppidanum
797 259 933 294 genus:
964 247 1119 283 Calibus
1142 252 1258 292 ortus,

85 316 192 359 patre
220 315 335 359 atque
363 323 434 346 avo
463 311 736 356 consularibus,
769 315 892 346 cetera
921 311 1088 359 equestri
1116 312 1263 348 familia

84 379 176 420 erat,
212 375 317 410 mitis
353 374 510 423 ingenio
547 378 585 410 et
622 379 795 423 comptae
840 375 1051 411 facundiae.
1110 375 1263 412 Cassius

83 439 223 487 plebeii
244 439 390 475 Romae
418 438 578 487 generis,
601 451 737 475 verum
761 438 912 487 antiqui
939 438 1201 487 honoratique,
1224 443 1263 475 et

83 515 214 539 severa
233 503 353 551 patris
374 503 575 551 disciplina
594 503 754 539 eductus
773 503 958 539 facilitate
979 503 1128 551 saepius
1148 516 1262 551 quam

82 566 275 603 industria
307 568 653 603 commendabatur.
713 567 820 603 Huic
850 567 1074 612 Drusillam,
1107 567 1263 603 Vinicio

81 631 225 667 Iuliam
261 631 489 668 Germanico
519 631 667 679 genitas
699 631 898 679 coniungit
928 644 1117 680 superque
1150 645 1193 667 ea
1222 645 1263 667 re

81 695 231 731 senatui
251 696 394 741 scribit,
420 695 497 731 levi
516 708 601 731 cum
628 695 771 732 honore
796 696 989 731 iuvenum.
1048 695 1160 741 Dein,
1182 696 1262 731 red-

81 759 173 796 ditis
192 760 387 795 absentiae
407 759 528 795 causis
543 759 748 795 admodum
768 760 886 808 vagis,
903 760 1013 795 flexit
1025 760 1072 795 ad
1085 759 1262 808 graviora

79 828 119 860 et
145 824 371 860 offensiones
399 824 447 859 ob
474 836 555 859 rem
578 823 771 872 publicam
798 827 961 872 coeptas,
983 828 1102 872 utque
1129 823 1262 859 Macro

80 888 295 936 praefectus
332 888 653 936 tribunorumque
691 891 731 923 ct
767 889 1035 924 centurionum
1068 888 1180 937 pauci
1210 900 1262 923 se-

78 966 165 989 cum
189 952 407 996 introirent,
432 951 609 999 quotiens
636 951 782 986 curiam
809 951 1085 999 ingrederetur,
1107 951 1261 1000 petivit.

79 1016 272 1063 Factoque
309 1015 413 1062 large
451 1018 490 1050 et
536 1014 619 1050 sine
655 1015 953 1063 praescriptione
997 1015 1146 1063 generis
1192 1021 1261 1051 aut

78 1078 231 1115 numeri
258 1082 414 1114 senatus
444 1078 617 1113 consulto
645 1091 693 1114 ne
718 1082 823 1114 tecta
850 1079 1004 1127 quidem
1025 1079 1142 1124 urbis,
1165 1079 1259 1114 adeo

76 1141 273 1189 publicum
293 1140 495 1176 consilium
524 1153 733 1189 numquam
754 1141 862 1186 adiit,
883 1141 1004 1177 deviis
1032 1141 1259 1190 plerumque

76 1204 283 1241 itineribus
304 1206 500 1254 ambigens
519 1202 684 1254 patriam
704 1209 743 1240 et
762 1205 969 1241 declinans.

75 1319 156 1355 xvi,
178 1320 276 1346 XVII.
335 1309 582 1356 Po·oceecli=7293
600 1308 721 1345 under
741 1309 797 1344 che
822 1308 949 1356 Usury
966 1308 1089 1346 Lau-s.
1149 1309 1259 1347 Gene-

127 1373 189 1410 ral
208 1373 358 1409 clistress
383 1373 522 1410 caused
549 1373 595 1421 bys
616 1373 709 1409 their
727 1373 871 1409 revivcol
888 1373 971 1409 and
988 1374 1191 1411 alleviaced
1214 1374 1262 1422 by

128 1437 184 1473 the
204 1437 341 1473 liberal
356 1437 438 1485 help
459 1436 506 1484 of
518 1438 574 1474 the
598 1437 788 1485 Emperor.

154 1520 272 1573 XVJ.
332 1521 489 1556 interca
525 1533 664 1569 inagna
709 1521 768 1557 vis
806 1525 1069 1558 accusatorum
1116 1523 1157 1559 in
1195 1536 1257 1560 eos

74 1584 235 1632 inrupit,
278 1584 345 1632 qui
382 1584 562 1632 pecunias
600 1585 728 1621 fenore
774 1586 1017 1622 auctitabant
1053 1587 1256 1624 adversum

73 1648 194 1695 legem
214 1647 411 1683 dictatoris
442 1647 623 1694 Caesaris,
646 1661 722 1697 qua
741 1649 787 1685 de
813 1650 924 1685 modo
945 1651 1122 1686 credendi
1144 1652 1257 1700 possi-

73 1711 264 1760 dendique
296 1711 401 1748 intra
431 1712 587 1748 Italiam
619 1717 786 1759 cavetur,
822 1713 1000 1750 omissam
1031 1714 1134 1760 olim,
1167 1715 1258 1763 quia

74 1775 224 1822 privato
243 1776 332 1811 usui
351 1775 494 1811 bonum
514 1776 711 1823 publicum
730 1777 985 1825 postponitur.
1027 1777 1126 1813 Sane
1145 1781 1257 1814 vetus

73 1837 161 1872 urbi
192 1837 345 1873 fenebre
377 1838 522 1873 malum
555 1842 594 1874 et
631 1838 866 1875 seditionum
904 1839 1256 1889 discordiarumque

73 1901 302 1937 creberrima
330 1914 451 1948 causa,
474 1915 593 1950 eoque
627 1902 878 1939 cohibebatur
903 1904 1073 1952 antiquis
1104 1917 1255 1954 quoque

73 1968 112 2001 et
143 1965 270 2001 minus
297 1967 486 2014 corruptis
518 1967 700 2003 moribus.
767 1967 871 2004 Nam
900 1968 1025 2016 primo
1055 1969 1254 2006 duodecim

72 2029 215 2065 tabulis
234 2034 420 2076 sanctum,
441 2043 489 2066 ne
509 2030 594 2079 quis
613 2031 784 2067 unciario
810 2032 940 2068 fenore
966 2033 1131 2082 amplius
1150 2047 1254 2070 exer-

72 2097 184 2139 ceret,
217 2107 303 2130 cum
332 2099 446 2130 antea
468 2107 516 2130 ex
544 2095 705 2132 libidine
737 2096 986 2144 locupletium
1015 2097 1226 2145 agitaretur
1242 2113 1251 2144 3

73 2156 163 2192 dein
180 2158 378 2206 rogatione
397 2158 606 2195 tribunicia
625 2160 674 2195 ad
701 2159 914 2196 semuncias
942 2160 1151 2207 redactum,
1173 2173 1253 2209 pos-

72 2226 194 2259 tremo
221 2222 345 2260 vetita
362 2236 528 2261 versura.
588 2223 803 2272 Multisque
822 2224 943 2273 plebis
969 2224 1075 2261 scitis
1100 2225 1252 2262 obviam
