1419 2428
441 95 610 131 LIBER
646 95 708 132 VI.
745 107 909 132 v—V111.
1240 99 1263 135 5

86 194 333 240 prompserat,
362 190 546 239 placitum
577 192 735 227 eandem
763 205 926 240 poenam
952 193 1120 242 inrogari
1146 207 1261 242 quam

86 255 128 291 in
146 254 354 291 Aruseium
375 258 414 290 et
440 254 706 304 Sanquinium,
727 261 962 293 accusatores
989 257 1030 294 L.
1052 258 1236 294 Arruntii
1253 271 1263 304 3

86 332 161 368 quo
198 331 276 355 non
321 319 426 354 aliud
471 319 784 356 honorificentius
831 320 966 357 Cottae
1013 322 1154 367 evenit,
1194 323 1260 370 qui

85 382 224 419 nobilis
255 381 419 430 quidem,
441 382 506 418 sed
532 395 645 430 egens
677 384 724 419 ob
749 383 895 429 luxum,
926 397 994 432 per
1024 384 1170 432 flagitia
1206 384 1262 420 in-

84 445 205 491 famis,
224 445 470 482 sanctissimis
495 446 679 482 Arruntii
708 446 855 483 artibus
884 447 1072 496 dignitate
1100 447 1261 484 ultionis

83 509 329 557 aequabatur.

165 572 206 617 Q.
232 573 418 609 Servaeus
433 573 589 622 posthac
609 578 649 609 et
668 573 865 609 Minucius
886 574 1074 610 Thermus
1093 574 1254 619 inducti,

84 636 270 673 Servaeus
282 641 460 686 praetura
472 637 626 673 functus
639 641 678 673 et
690 639 881 686 quondam
891 638 1108 675 Germanici
1121 652 1257 685 comes,

82 700 280 737 Minucius
312 702 479 750 equestri
516 701 608 748 loco,
647 703 816 739 modeste
849 703 981 739 habita
1005 703 1134 739 Seiani
1165 704 1258 739 ami-

82 764 173 801 citia
190 778 201 811 3
242 764 344 801 unde
376 765 454 801 illis
486 765 607 801 maior
636 765 840 803 miseratio.
900 767 1044 803 Contra
1081 767 1258 803 Tiberius

81 830 302 878 praecipuos
322 829 369 864 ad
396 828 536 865 scelera
563 829 762 878 increpans
795 830 996 866 admonuit
1021 830 1059 869 C.
1085 831 1258 867 Cestium

81 896 228 941 patrem
247 892 371 928 dicere
397 892 547 927 senatui
566 905 662 940 quae
681 893 755 928 sibi
774 893 993 941 scripsisset,
1016 894 1257 943 suscepitque

82 957 231 993 Cestius
250 956 538 993 accusationem.
597 957 706 1001 Quod
727 958 894 994 maxime
914 958 1112 994 exitiabile
1132 959 1256 995 tulere

80 1020 146 1056 illa
166 1027 348 1069 tempora,
365 1033 451 1056 cum
470 1020 653 1068 primores
673 1025 826 1057 senatus
851 1021 1002 1057 infimas
1021 1022 1137 1058 etiam
1157 1023 1257 1059 dela-

80 1085 204 1122 tiones
231 1090 464 1128 exercerent,
485 1085 551 1120 alii
570 1086 777 1134 propalam,
798 1086 912 1122 multi
942 1100 1010 1135 per
1039 1087 1230 1124 occultum
1245 1102 1256 1135 3

79 1161 202 1197 neque
239 1149 471 1185 discerneres
516 1148 659 1185 alienos
696 1162 716 1185 a
754 1150 979 1196 coniunctis,
1023 1151 1164 1187 amicos
1206 1152 1254 1187 ab

79 1212 229 1262 ignotis,
250 1214 344 1262 quid
369 1226 505 1261 repens
527 1217 595 1249 aut
617 1217 810 1250 vetustate
839 1214 1067 1250 obscurum:
1096 1214 1255 1262 perinde

79 1278 119 1313 in
137 1278 230 1323 foro,
247 1278 289 1313 in
308 1277 493 1322 convivio,
514 1290 665 1326 quaqua
684 1278 730 1314 de
755 1291 796 1313 re
816 1278 934 1314 locuti
963 1278 1252 1324 incusabantur,

80 1346 122 1377 ut
154 1342 239 1390 quis
267 1341 489 1390 praevenire
517 1345 556 1377 et
583 1354 691 1377 reum
728 1341 919 1378 destinare
949 1348 1137 1391 properat,
1165 1357 1254 1392 pars

78 1405 126 1441 ad
155 1405 366 1442 subsidium
395 1405 465 1450 sui,
500 1405 628 1454 plures
656 1405 787 1442 infecti
820 1406 929 1455 quasi
961 1408 1183 1444 valetudine
1214 1414 1254 1445 et

78 1473 268 1506 contactu.
320 1469 394 1505 Sed
425 1469 621 1505 Minucius
650 1474 688 1506 et
709 1470 893 1507 Servaeus
917 1472 1089 1507 damnati
1120 1472 1252 1509 indici-

78 1535 148 1569 bus
167 1546 361 1570 accessere.
404 1533 606 1582 Tractique
622 1538 712 1570 sunt
731 1534 773 1570 in
792 1548 920 1571 casum
935 1536 1098 1572 eundem
1119 1537 1246 1574 Iulius

77 1597 288 1634 Africanus
321 1610 341 1633 e
367 1597 548 1634 Santonis
575 1598 722 1634 Gallica
749 1598 918 1644 civitate,
943 1599 1052 1636 Seius
1082 1599 1251 1644 Quadra-

77 1667 166 1700 tus:
213 1662 398 1711 originem
426 1675 504 1698 non
530 1662 689 1711 repperi.
750 1663 888 1712 Neque
921 1676 1005 1700 sum
1043 1664 1198 1712 ignarus
1226 1679 1249 1701 a

76 1726 267 1776 plerisque
304 1727 553 1775 scriptoribus
583 1727 721 1763 omissa
758 1727 968 1763 multorum
1005 1728 1174 1776 pericula
1210 1736 1250 1766 et

76 1803 226 1839 poenas,
260 1791 351 1827 dum
389 1791 496 1840 copia
532 1791 716 1827 fatiscunt
752 1796 830 1837 aut,
871 1804 968 1839 quae
1004 1791 1096 1840 ipsis
1129 1792 1250 1829 nimia

76 1858 115 1890 et
143 1857 288 1890 maesta
318 1853 483 1900 fuerant,
504 1866 553 1889 ne
581 1853 665 1902 pari
693 1853 818 1890 taedio
844 1854 1007 1890 lecturos
1039 1855 1246 1892 adficerent

76 1921 266 1955 verentur.
329 1916 454 1953 Nobis
490 1917 671 1965 pleraque
708 1917 825 1966 digna
852 1919 1007 1967 cognitu
1045 1919 1244 1965 obvenere,

75 1994 305 2030 quamquam
324 1981 371 2017 ab
387 1980 471 2017 aliis
490 1981 732 2018 incelebrata.

74 2119 161 2144 v111.
217 2108 358 2156 Illanly
393 2108 517 2156 speech
551 2108 600 2156 of
631 2108 686 2145 M.
727 2109 923 2145 Terentius
959 2109 1133 2158 covowinq
1167 2113 1249 2149 ancl

125 2171 301 2218 excusinq
328 2171 387 2207 lais
418 2171 602 2220 intimacy
633 2173 724 2210 willa
752 2173 925 2221 Sejanus,
959 2173 1042 2209 ancl
1062 2173 1245 2222 pleaclinq

112 2233 185 2283 for
210 2234 267 2271 the
294 2235 566 2273 establislzmem
594 2235 642 2284 of
665 2250 690 2274 a
717 2236 935 2273 distinction
967 2236 1119 2272 between
1149 2237 1245 2274 those
