1419 2428
416 88 584 124 LIBER
619 88 679 125 VI.
739 99 970 125 ,urin—1⁴1.
1220 88 1267 124 35

105 204 189 227 eum
220 190 527 240 adpropinquare
557 190 742 239 supremis
780 190 849 225 tali
882 190 994 226 modo
1033 194 1281 238 compertum.

106 256 202 292 Erat
239 256 409 292 medicus
441 260 524 291 arte
558 255 733 303 insigniS,
766 254 920 290 nomine
960 255 1162 301 Charicles,
1204 268 1281 291 non

104 319 257 367 quidem
287 332 416 367 regere
454 318 695 354 valetudines
729 318 914 367 principis
948 319 1094 364 solitus,
1134 319 1282 355 consilii

104 387 235 418 tamen
263 383 409 430 copiam
438 383 626 430 praebere.
676 382 717 418 Is
740 382 848 418 velut
877 383 1029 431 propria
1056 383 1104 418 ad
1129 383 1283 430 negotia

105 445 320 494 digrediens
349 451 388 483 et
416 460 484 495 per
520 447 682 495 speciem
721 446 832 482 officii
868 459 1025 482 manum
1063 447 1283 495 complexus

105 510 257 558 pulsum
286 524 473 547 venarum
504 512 645 559 attigit.
703 511 843 559 Neque
872 511 1033 547 fefellit:
1062 525 1150 547 nam
1176 512 1281 548 Tibe-

105 574 195 620 rius,
245 574 435 611 incertum
484 588 534 612 an
582 576 746 611 offensus
794 580 979 623 tantoque
1022 577 1143 624 magis
1185 577 1281 611 iram

105 651 292 686 premens,
332 639 540 676 instaurari
577 639 707 688 epulas
735 640 842 675 iubet
871 640 1152 688 discumbitque
1180 640 1280 676 ultra

105 702 272 749 solitum,
294 703 403 751 quasi
428 702 565 738 honori
590 702 768 738 abeuntis
793 703 903 738 amici
929 703 1127 739 tribueret.
1187 703 1282 739 Cha-

104 765 215 802 ricles
242 771 373 803 tamen
402 767 479 803 labi
509 767 689 815 spiritum
718 779 786 802 nec
815 766 918 802 ultra
942 766 1102 802 biduum
1127 766 1281 802 duratu-

104 844 190 867 rum
217 831 393 867 Macroni
418 831 597 867 firmavit.
657 830 756 866 Inde
779 835 915 866 cuncta
940 830 1150 879 conloquiis
1180 831 1282 866 inter

104 901 334 943 pl'aesenteS‚
364 895 513 931 nuntiis
541 895 643 943 apud
671 895 816 942 legatos
845 899 883 930 et
911 894 1101 930 exercitus
1129 894 1281 930 festina-

104 960 254 997 bantur.
314 959 527 1007 Septimum
556 959 747 994 decimum
777 958 850 995 kal.
883 959 1034 1007 Aprilis
1072 958 1281 994 interclusa

103 1023 232 1059 anima
251 1023 418 1059 creditus
438 1027 494 1058 est
522 1022 796 1058 mortalitatem
825 1022 1063 1070 explevisse,
1094 1027 1133 1058 et
1158 1023 1281 1059 multo

103 1091 324 1134 gratantum
357 1099 542 1122 concursu
580 1087 626 1122 ad
665 1086 849 1135 capienda
885 1086 1037 1134 imperii
1075 1086 1282 1134 primordia

104 1148 219 1185 Caius
261 1149 400 1185 Caesar
442 1149 720 1197 egrediebatur,
771 1162 858 1184 cum
906 1152 1063 1196 repente
1109 1150 1281 1186 adfertur

102 1213 226 1249 redire
263 1213 413 1248 Tiberio
457 1226 588 1249 vocem
634 1226 677 1249 ae
720 1213 826 1249 visus
869 1214 1074 1262 vocarique
1115 1214 1182 1262 qui
1225 1228 1279 1251 re—

104 1277 287 1313 creandae
313 1277 518 1313 defectioni
543 1278 670 1313 cibum
701 1277 908 1313 adferrent.
966 1277 1094 1313 Pavor
1121 1278 1210 1314 hinc
1238 1279 1279 1314 in

103 1354 242 1388 omnes,
273 1346 312 1378 et
335 1342 452 1378 ceteri
475 1341 616 1390 passim
645 1341 821 1390 dispergi,
853 1354 892 1377 se
911 1341 1071 1390 quisque
1090 1346 1278 1378 maestum

102 1411 170 1441 aut
206 1405 378 1441 nescium
415 1405 581 1453 fingere,
626 1405 765 1441 Caesar
801 1405 842 1441 in
884 1406 1081 1441 silentium
1121 1407 1221 1442 fixus
1258 1421 1280 1442 ιι,

102 1482 251 1505 summa
279 1482 344 1517 spe
372 1469 578 1504 novissima
609 1470 846 1517 expectabat.
905 1470 1038 1506 Macro
1062 1470 1279 1519 intrepidus

103 1533 267 1581 opprimi
296 1545 424 1568 senem
450 1532 594 1568 iniectu
613 1533 758 1568 multae
784 1532 902 1569 vestis
927 1533 1034 1569 iubet
1061 1533 1278 1583 discedique

102 1597 149 1633 ab
187 1596 329 1632 limine.
400 1596 462 1632 Sic
499 1596 674 1631 Tiberius
711 1596 849 1642 finivit,
890 1601 1023 1633 octavo
1056 1601 1095 1634 et
1131 1602 1276 1646 septua-

102 1661 244 1710 gesimo
264 1660 400 1696 aetatis
420 1673 530 1696 anno.

181 1725 247 1761 LI.
305 1725 422 1761 Pater
458 1725 493 1760 ei
534 1724 639 1760 Nero
683 1729 722 1760 et
765 1726 961 1774 utrimque
1002 1725 1107 1774 origo
1151 1726 1277 1774 gentis

103 1788 294 1834 Claudiae,
322 1801 553 1837 quamquam
573 1792 697 1824 mater
715 1788 754 1824 in
782 1788 934 1824 Liviam
957 1793 995 1825 et
1019 1802 1109 1825 mox
1136 1790 1276 1825 Iuliam

102 1852 288 1888 familiam
325 1852 594 1901 adoptionibus
639 1852 848 1889 transierit.
912 1853 1031 1889 Casus
1068 1854 1191 1902 prima
1227 1855 1275 1890 ab

102 1917 267 1953 infantia
310 1917 518 1965 ancipites3
560 1930 649 1953 nam
701 1917 956 1966 proscriptum
995 1922 1141 1966 patrem
1186 1920 1274 1954 exul

102 1985 262 2027 secutus,
284 1981 351 2016 ubi
370 1981 525 2017 domum
544 1981 717 2029 Augusti
736 1981 937 2030 privignus
958 1982 1120 2029 introiit,
1142 1985 1276 2020 multis

102 2045 261 2082 aemulis
296 2045 536 2082 conflictatus
564 2049 632 2090 est,
663 2045 753 2081 dum
784 2045 991 2081 Marcellus
1021 2051 1059 2082 et
1087 2047 1272 2097 Agrippa,

102 2122 191 2144 mox
218 2108 337 2144 Gaius
362 2108 577 2156 Luciusque
604 2107 783 2144 Caesares
807 2107 986 2155 viguere3
1019 2109 1132 2144 etiam
1158 2110 1276 2146 frater

102 2172 182 2207 eius
221 2171 371 2207 Drusus
413 2171 649 2220 prosperiore
692 2170 835 2206 civium
875 2183 1002 2206 amore
1040 2175 1130 2208 erat.
1201 2172 1273 2208 Sed

101 2235 267 2272 maxime
308 2236 348 2272 in
392 2235 537 2272 lubrico
581 2235 658 2283 egit
705 2238 859 2282 accepta
901 2235 939 2272 in
985 2238 1272 2274 matrimonium

1053 2313 1074 2330 o
1141 2313 1160 2334 ο

1052 2335 1160 2351 0,)’“’““-
