1419 2428
125 76 175 114 14
453 75 516 111 ΤΑ
525 74 585 113 CI
586 74 646 112 TI
680 75 897 112 ANNALI
905 76 990 113 UM

121 199 184 225 XX.
244 187 440 235 Ilsarriaqe
465 186 513 234 of
532 187 573 224 O.
599 185 738 223 Caesar
763 186 990 236 (Caliyula).
1048 187 1124 225 His
1149 188 1300 227 charac-

173 259 235 289 ter.
295 251 370 287 The
389 250 497 298 reiqn
515 249 562 297 of
575 250 695 287 Galba
711 250 903 298 predicced
919 251 965 299 by
986 251 1167 290 Tiberius.
1223 253 1300 291 The

172 314 387 363 Emperor's
405 314 601 351 addiction
619 320 654 350 co
674 314 871 362 astroloqys.

200 399 295 437 XX.
357 399 437 435 Sub
467 399 568 436 idem
593 404 745 448 tempus
770 399 885 436 Caius
911 400 1058 446 Caesar,
1087 401 1298 438 discedenti

120 463 284 510 Capreas
313 475 384 498 avo
412 475 544 510 eomes,
577 463 789 506 Claudiam,
819 463 873 500 M.
905 463 1027 500 Silani
1055 465 1186 511 filiam,
1214 479 1298 502 con-

120 525 223 573 iugio
255 525 411 574 accepit,
450 526 654 563 immanem
703 526 875 563 animum
913 528 1071 564 subdola
1111 529 1297 567 modestia

119 594 261 637 tegens,
295 602 375 625 non
407 590 652 627 damnatione
685 591 832 635 matris,
864 603 942 626 nou
975 592 1094 629 exitio
1130 593 1295 631 fratrum

117 658 232 701 rupta
268 665 385 699 voce;
432 654 583 703 qualem
629 655 729 691 diem
767 654 940 691 Tiberius
977 655 1174 703 induisset,
1213 659 1298 707 pari

118 719 264 765 habitu,
287 719 389 755 haud
417 720 583 755 multum
612 718 846 755 distantibus
872 719 1006 755 verbis.
1066 720 1183 757 Unde
1206 734 1296 758 mox

117 783 256 819 scitum
297 783 471 819 Passieni
509 784 669 819 oratoris
715 784 861 818 dictum
907 785 1134 831 percrebuit,
1173 798 1296 835 neque

118 848 312 884 meliorem
331 861 514 896 umquam
535 861 689 884 servum
708 860 829 896 neque
850 847 1075 884 deteriorem
1099 849 1295 885 dominum

118 912 242 949 fuisse.

195 976 235 1012 N
239 990 287 1012 on
309 976 501 1013 omiserim
522 977 761 1025 praesagium
783 978 926 1014 Tiberii
945 978 991 1013 de
1018 977 1152 1013 Servio
1173 977 1296 1014 Galba

117 1046 200 1076 tum
229 1041 406 1088 consule3
447 1054 561 1089 quem
593 1043 756 1078 accitum
790 1047 828 1078 et
865 1043 1025 1078 diversis
1056 1043 1295 1078 sermonibus

116 1109 416 1153 pertemptatum
436 1110 627 1153 postremo
649 1105 803 1142 Graecis
823 1107 949 1142 verbis
969 1106 1010 1142 in
1029 1106 1126 1142 hanc
1146 1111 1294 1143 senten-

118 1169 212 1204 tiam
242 1169 442 1205 adlocutus
474 1173 533 1205 ‘et
564 1174 615 1213 tu,
647 1169 779 1214 Galba,
816 1171 1043 1219 quandoque
1075 1171 1295 1219 degustabis

117 1230 343 1279 imperium,'
382 1244 502 1267 seram
540 1245 583 1268 ac
620 1233 774 1269 brevem
814 1233 1026 1281 potentiam
1064 1233 1292 1281 significans,

116 1294 275 1330 seientia
306 1294 583 1331 Chaldaeorum
625 1297 729 1340 artis,
768 1297 876 1332 cuius
913 1296 1136 1344 apiscendae
1173 1298 1294 1333 otium

116 1359 216 1407 apud
237 1359 428 1404 Rhodum,
451 1359 676 1407 magistrum
697 1360 940 1396 Thrasullum
955 1360 1103 1407 habuit,
1117 1360 1293 1409 peritiam

117 1424 198 1459 eius
217 1422 287 1459 hoc
307 1424 418 1458 modo
438 1427 628 1471 expertus.

273 1556 354 1584 XXI.
412 1546 525 1594 Story
544 1545 658 1594 ostltc
677 1546 879 1594 astroloyer
899 1545 1133 1595 Thrasyllus.

194 1636 312 1673 XXI.
381 1636 568 1681 Quotiens
601 1649 713 1685 super
751 1637 820 1673 tali
856 1638 1009 1685 negotio
1046 1636 1289 1683 consultaret,

116 1700 219 1736 edita
238 1700 372 1736 domus
388 1704 495 1748 parte
515 1713 557 1736 ae
577 1700 707 1736 liberti
722 1702 836 1737 unius
849 1700 1082 1737 conscientia
1098 1700 1289 1738 utebatur.

116 1766 156 1802 Is
181 1764 399 1801 litterarum
424 1765 591 1813 ignarus,
613 1776 767 1813 corpore
793 1764 933 1809 valido,
958 1776 1027 1813 per
1049 1764 1136 1800 avia
1164 1777 1209 1801 ao
1233 1765 1292 1801 de-

116 1834 230 1878 rupta
250 1829 354 1880 (nam
375 1829 476 1865 saxis
505 1829 639 1865 domus
663 1827 855 1878 imminet)
875 1829 1047 1876 praeibat
1065 1841 1164 1875 eum,
1185 1829 1294 1865 cuius

115 1897 237 1928 artem
267 1891 432 1940 experiri
460 1892 634 1928 Tiberius
667 1891 872 1937 statuisset,
894 1895 934 1927 et
952 1891 1238 1939 regredientem,
1261 1891 1293 1928 si

117 1955 300 1992 vanitatis
320 1959 389 1991 aut
407 1955 585 1991 fraudum
598 1955 764 2003 suspicio
783 1953 1000 2000 incesserat,
1016 1953 1057 1989 in
1078 1953 1291 1990 subiectum

117 2031 220 2055 mare
239 2019 528 2067 praecipitabat,
550 2031 598 2054 ne
626 2018 743 2055 index
766 2017 894 2054 arcani
915 2019 1104 2055 existeret.
1162 2017 1292 2067 Igitur

116 2082 339 2119 Thrasullus
367 2083 488 2119 isdem
515 2083 676 2132 rupibus
702 2082 882 2118 inductus
909 2088 1112 2131 postquam
1140 2095 1292 2131 percon-

116 2150 264 2182 tantem
283 2151 548 2193 commoverat,
573 2147 777 2196 imperium
805 2148 878 2196 ipsi
903 2154 942 2184 et
966 2148 1098 2184 futura
1118 2147 1292 2184 sollerter

116 2209 356 2259 patefaciens,
387 2210 648 2260 interrogatur
679 2224 728 2247 an
762 2224 869 2248 suam
903 2224 1053 2261 quoque
1084 2212 1290 2261 genitalem
