1419 2428
406 94 573 131 LIBER
610 95 672 133 VI.
712 106 1000 133 xxvl—xm'm.
1244 99 1290 134 19

113 200 309 241 senectus,
357 199 396 231 et
444 207 522 231 non
564 194 747 243 permissa
788 195 986 243 provincia
1029 196 1289 244 dignationem

112 260 322 296 addiderat.
379 259 494 295 Exim
523 259 658 294 Flacco
687 258 898 306 Pomponio
930 259 1062 295 Suriae
1090 272 1159 308 pro
1184 273 1291 308 prae-

113 332 195 361 tore
223 325 402 361 defuncto
429 324 643 359 recitantur
671 322 843 359 Caesaris
880 323 1025 369 literae,
1064 324 1150 372 quis
1187 325 1290 361 incu-

113 388 222 424 sabat
247 388 440 436 egregium
466 399 655 435 quemque
683 391 722 423 et
750 387 923 435 regendis
952 388 1183 425 exercitibus
1214 390 1289 426 ido-

112 464 227 487 neum
255 452 421 487 abnuere
450 451 488 486 id
516 463 667 497 munus,
703 463 817 499 seque
845 463 889 486 ea
924 453 1205 489 necessitudine
1243 455 1290 489 ad

113 528 240 563 preces
276 515 369 563 cogi,
407 527 475 563 per
507 527 601 563 quas
639 515 896 551 consularium
939 515 1060 564 aliqui
1097 529 1289 565 capessere

112 579 327 627 provincias
346 579 602 627 adigerentur,
632 579 775 615 oblitus
794 579 1045 625 Arruntium,
1066 593 1114 617 ne
1133 581 1175 616 in
1197 581 1289 617 His-

111 643 263 692 paniam
281 647 463 692 pergeret,
487 644 690 679 decumum
710 643 782 679 iam
805 657 950 680 annum
969 645 1136 682 attineri.
1182 645 1290 681 Obiit

111 708 241 744 eodem
270 720 371 744 anno
407 713 446 744 et
484 708 540 744 Μ.
581 708 760 756 Lepidus,
802 709 848 745 de
886 709 993 745 cuius
1030 710 1290 745 moderatione

111 778 226 821 atque
263 773 452 821 sapientia
491 773 533 808 in
573 772 764 820 prioribus
804 773 913 809 libris
951 773 1044 809 satis
1082 774 1286 810 conlocavi.

112 836 251 885 Neque
288 836 470 872 nobilitas
507 836 654 872 diutius
691 836 990 873 demonstranda
1027 842 1110 874 est:
1149 839 1290 886 quippe

110 900 323 936 Aemilium
351 913 471 949 genus
509 901 714 936 fecundum
743 901 929 936 bonorum
958 901 1112 947 civium,
1152 908 1191 938 et
1224 905 1289 950 qui

111 965 241 1001 eadem
272 964 419 1000 familia
447 965 636 1013 corruptis
664 964 844 1011 moribus,
875 965 1031 1001 inlustri
1059 970 1190 1002 tamen
1218 969 1289 1002 sor-

111 1037 206 1064 tuua
233 1041 351 1077 egere.

354 1146 495 1170 XXVIII.
552 1135 721 1171 Accozmt
740 1136 856 1184 osche
876 1136 1055 1173 Plcocnioe.

189 1220 395 1257 XXVIII.
459 1220 581 1257 Paulo
620 1222 738 1258 Fabio
783 1223 826 1259 L.
866 1223 1030 1260 Vitellio
1067 1227 1287 1262 consulibus

109 1289 195 1332 post
231 1286 387 1333 longum
418 1285 655 1322 saeculorum
692 1287 880 1322 ambitum
918 1289 1001 1324 avis
1042 1289 1210 1337 phoenix
1245 1291 1287 1327 in

109 1350 334 1397 Aegyptum
371 1349 491 1393 venit,
530 1350 783 1399 praebuitque
820 1352 1019 1388 materiem
1056 1353 1286 1391 doctissimis

110 1412 374 1460 indigenarum
405 1417 443 1449 et
472 1413 703 1450 Graecorum
732 1416 855 1451 multa
883 1429 997 1465 super
1025 1430 1068 1454 eo
1102 1419 1285 1455 miraculo

109 1476 327 1514 disserendi.
386 1477 446 1513 De
471 1477 610 1525 quibus
636 1485 863 1527 congruunt,
894 1484 932 1516 et
960 1481 1071 1529 plura
1095 1483 1282 1531 ambigua,

109 1543 173 1578 sed
194 1542 349 1590 cognitu
367 1555 446 1578 non
466 1543 638 1589 absurda,
661 1556 834 1592 promere
859 1545 963 1582 libet.
1022 1546 1180 1582 Sacrum
1207 1547 1285 1584 Soli

108 1607 147 1642 id
184 1607 336 1652 animal,
376 1610 414 1642 et
451 1619 514 1642 ore
548 1620 590 1643 ac
627 1608 811 1645 distinctu
848 1609 1053 1658 pinnarum
1091 1624 1113 1647 a
1150 1612 1285 1648 ceteris

108 1671 242 1706 avibus
272 1670 466 1706 diversum
491 1672 739 1708 consentiunt
765 1673 833 1721 qui
856 1673 1019 1710 formam
1043 1675 1126 1711 eius
1154 1676 1284 1711 effinx-

107 1748 191 1771 ere:
220 1735 266 1771 de
293 1747 452 1770 numero
480 1747 670 1771 annorum
699 1737 807 1773 varia
834 1738 1051 1775 traduntur.
1110 1739 1283 1775 Maxime

108 1799 308 1846 vulgatum
328 1798 625 1847 quingentorum
647 1800 812 1848 spatium
831 1814 839 1837 t
860 1806 951 1837 sunt
972 1803 1038 1850 qui
1059 1803 1284 1840 adseverent

107 1861 211 1897 mille
236 1862 536 1910 quadringentos
561 1863 761 1912 sexaginta
784 1877 905 1900 unum
932 1865 1095 1911 interici,
1125 1866 1283 1914 priores-

107 1937 180 1973 que
204 1925 298 1961 alios
323 1929 402 1962 tres
431 1926 603 1963 Sesoside
631 1928 809 1976 primum,
839 1933 925 1976 post
953 1930 1137 1966 Amaside
1165 1930 1282 1966 domi-

108 1989 299 2035 nantibus,
322 1991 410 2026 dein
430 1991 662 2037 Ptolemaeo,
691 1992 758 2040 qui
776 2005 825 2028 ex
845 1993 1121 2030 Macedonibus
1146 1996 1283 2031 tertius

106 2055 294 2101 regnavit,
327 2055 369 2090 in
402 2055 598 2091 civitatem
627 2055 688 2091 cui
717 2055 934 2106 Heliopolis
961 2071 1099 2094 nomen
1130 2058 1281 2095 advola-

107 2116 217 2159 visse,
260 2118 383 2154 multo
425 2126 634 2154 ceterarum
679 2119 878 2156 volucrum
921 2120 1105 2157 comitatu
1142 2134 1280 2157 novam

106 2181 241 2216 faciem
267 2181 501 2219 mirantium.
564 2182 637 2218 Sed
666 2183 877 2231 antiquitas
910 2185 1064 2233 quidem
1097 2185 1278 2221 obscura:

106 2243 207 2278 inter
241 2244 501 2282 Ptolemaeum
535 2259 578 2282 ac
606 2245 801 2282 Tiberium
830 2248 958 2284 minus
987 2248 1145 2284 ducenti
1173 2248 1279 2296 quin-

1058 2323 1082 2348 c)
1144 2324 1166 2347 ο

1057 2347 1165 2362 α-ἐ-ῌ
