1419 2428
128 91 152 128 2
457 91 516 126 TA
525 90 583 128 CI
584 90 644 126 TI
676 91 707 127 A
714 90 827 127 NNA
835 90 893 127 LI
900 91 984 128 CM

130 189 265 234 verbis,
299 189 585 224 adseveratione
618 189 741 225 multa
768 189 985 235 censebant,
1025 202 1111 225 cum
1148 195 1304 239 repente

130 254 322 303 Togonius
365 253 509 298 Gallus,
544 254 637 290 dum
681 254 962 303 ignobilitatem
1006 268 1113 291 suam
1155 255 1305 303 magnis

130 318 351 354 nominibus
383 317 528 362 inserit,
576 330 644 365 per
684 318 936 354 deridiculum
977 320 1143 355 auditur.
1201 320 1303 356 Nam

129 382 338 430 principem
377 382 510 417 orabat
538 382 703 430 deligere
736 387 939 431 senatores,
961 397 1007 419 ex
1041 384 1126 431 quis
1162 384 1303 431 viginti

129 450 230 482 sorte
259 445 365 481 ducti
394 450 432 481 et
460 446 560 481 ferro
589 447 759 492 accincti,
781 446 958 494 quotiens
983 449 1127 482 curiam
1157 447 1302 491 inisset,

130 509 293 545 salutem
324 509 405 544 eius
431 509 687 546 defenderent.
747 509 970 546 Crediderat
1001 509 1183 545 nimirum
1213 509 1305 557 epis-

130 573 234 608 tulae
265 572 434 608 subsidio
465 572 540 608 sibi
569 572 733 607 alterum
766 585 814 608 ex
847 572 1065 608 consulibus
1102 570 1303 619 poscentis,

130 643 174 673 ut
205 640 314 672 tutus
344 650 366 672 a
392 636 546 684 Capreis
579 637 713 672 urbem
740 640 896 685 peteret.
956 635 1130 671 Tiberius
1162 639 1303 679 tamen,

130 700 296 736 ludibria
329 699 436 735 seriis
462 701 685 748 permiscere
714 700 860 746 solitus,
890 700 968 748 egit
997 699 1116 747 gratis
1146 700 1306 734 benevo-

130 764 271 799 lentiae
299 767 479 812 patrum:
518 764 583 799 sed
609 777 703 812 quos
733 765 860 799 omitti
894 777 1011 812 posse,
1037 777 1130 812 quos
1160 763 1275 811 deligi
1290 763 1303 798 ’ἰ

131 840 326 876 semperne
364 827 515 863 eosdem
559 840 609 862 an
655 828 817 863 subinde
854 828 947 863 alios
962 829 974 863 2
1021 834 1060 863 et
1096 827 1306 862 honoribus

131 893 349 940 perfunctos
382 905 432 927 an
461 892 630 937 iuvenes,
659 892 830 940 privatos
862 905 911 927 an
942 905 962 927 e
989 890 1302 940 magistratibus?

132 969 246 1004 quam
293 955 429 992 deinde
471 955 633 1004 speciem
680 956 759 991 fore
805 956 1039 991 sumentium
1085 955 1127 991 in
1172 954 1306 990 limine

131 1021 256 1056 curiae
293 1020 464 1069 gladios?
510 1033 634 1068 neque
671 1020 745 1056 sibi
781 1020 904 1056 vitam
950 1020 1063 1065 tanti,
1111 1019 1144 1055 si
1189 1019 1305 1055 armis

132 1083 293 1132 tegenda
316 1083 425 1119 foret.
482 1082 591 1119 Haec
623 1082 807 1119 adversus
832 1082 1044 1130 Togonium
1074 1082 1203 1118 verbis
1230 1094 1306 1118 mo-

131 1148 278 1193 derans,
300 1159 423 1195 neque
442 1147 545 1182 ultra
563 1146 809 1182 abolitionem
829 1147 1042 1183 sententiae
1065 1147 1232 1183 suadere.

210 1211 291 1247 ΠΙ.
348 1211 408 1246 At
448 1210 608 1246 Iunium
646 1211 873 1255 Gallionem,
911 1212 977 1260 qui
1024 1215 1224 1247 censuerat
1260 1216 1306 1247 ut

132 1275 365 1325 praetoriani
397 1275 492 1311 actis
522 1275 723 1324 stipendiis
748 1276 808 1311 ius
835 1276 1096 1324 apiscerentur
1127 1275 1169 1311 in
1199 1282 1307 1323 quat-

132 1340 344 1376 tuordecim
360 1339 558 1375 ordinibus
574 1340 740 1386 sedendi,
761 1340 949 1376 violenter
967 1339 1170 1388 increpuit,
1199 1339 1307 1375 velut

133 1417 256 1441 coram
286 1403 467 1451 rogitans,
503 1403 595 1451 quid
631 1403 691 1438 illi
721 1416 807 1439 cum
833 1403 1034 1447 militibus,
1061 1416 1154 1451 quos
1183 1415 1307 1451 neque

133 1469 237 1504 dicta
258 1464 527 1518 [imperatoris]
556 1479 680 1514 neque
707 1466 876 1515 praemia
899 1467 976 1502 nisi
1000 1467 1047 1502 ab
1077 1466 1307 1514 imperatore

133 1531 301 1580 accipere
340 1543 410 1579 par
442 1534 549 1566 esset.
607 1530 835 1579 Repperisse
868 1543 1022 1579 prorsus
1059 1530 1161 1578 quod
1194 1530 1307 1565 divus

134 1597 338 1643 Augustus
367 1607 446 1630 non
476 1593 697 1642 providerit.
755 1594 823 1630 An
851 1595 980 1643 potius
1009 1593 1237 1630 discordiam
1269 1597 1309 1628 et

134 1659 361 1695 seditionem
398 1671 421 1693 a
458 1658 622 1694 satellite
661 1658 790 1694 Seiani
827 1658 1051 1707 quaesitam,
1086 1671 1163 1706 qua
1194 1658 1308 1694 rudes

135 1723 280 1759 animos
322 1722 475 1758 nomine
521 1722 675 1758 honoris
707 1724 756 1758 ad
788 1723 1106 1771 corrumpendum
1146 1722 1308 1758 militiae

138 1799 279 1822 morem
307 1785 563 1834 propellor-etl
606 1785 693 1821 Hoc
731 1786 897 1834 pretium
935 1786 1063 1822 Gallio
1100 1785 1308 1822 meditatae

136 1850 367 1886 :ululationis
389 1850 489 1894 tulit,
512 1849 644 1885 statim
670 1849 786 1893 curia,
808 1849 944 1885 deinde
977 1849 1095 1884 Italia
1123 1854 1306 1895 exactus3

137 1919 175 1949 vt
194 1916 284 1962 quia
309 1914 556 1949 incusabatur
576 1913 685 1949 facilc
714 1913 947 1949 toleraturus
976 1913 1136 1948 exilium
1164 1913 1309 1949 delecta

139 1979 271 2022 Lesbo,
305 1977 432 2013 insula
453 1977 574 2013 nobili
603 1980 641 2013 ct
671 1989 840 2021 amoena,
867 1976 1080 2013 retrahitur
1103 1977 1145 2012 in
1176 1976 1308 2013 urbem

138 2040 426 2088 custoditurque
455 2040 629 2076 domibus
661 2039 964 2087 magistratuum.
1023 2039 1150 2075 Isdem
1187 2039 1310 2075 literis

140 2106 278 2141 Cacsar
324 2105 498 2141 Sextium
552 2105 813 2141 Paconianum
863 2104 1097 2153 praetorium
1145 2104 1311 2153 perculit

139 2183 276 2219 magno
304 2174 454 2218 patrum
479 2170 628 2219 gaudio,
663 2170 854 2215 audacem,
884 2169 1108 2214 maleficum,
1137 2169 1308 2206 omnium

140 2237 282 2269 secreta
312 2233 512 2269 rimantem
553 2233 817 2281 delectumque
849 2233 896 2269 ab
934 2232 1071 2268 Seiano
1105 2232 1211 2268 cuius
1241 2244 1310 2281 ope
