1419 2428
390 82 562 119 LIBER
600 82 662 119 VI.
703 92 909 118 §xm—xix.
1192 80 1240 116 13

61 181 272 218 maiestatis
305 179 485 216 Considio
515 179 690 224 Proculo,
725 178 802 226 qui,
835 177 942 213 nullo
976 189 1114 225 pavore
1140 175 1241 212 diem

61 245 237 291 natalem,
270 244 462 281 celebrans
492 247 626 292 raptus
655 243 696 278 iu
720 243 864 278 curiam
895 241 1114 290 pariterque
1139 240 1241 276 dam-

61 313 176 346 natus
207 308 506 356 interfectusque
543 311 610 344 est.
669 306 798 343 Sorori
834 307 915 342 eius
953 305 1110 341 Sanciae
1143 316 1242 352 aqua

61 376 176 420 atque
209 370 291 419 igni
318 371 578 414 interdictum,
613 372 815 405 accusante
843 368 887 412 Q.
920 367 1143 415 Pomponio.
1202 366 1242 402 Is

62 435 231 471 moribus
264 434 414 483 inquies
446 433 538 469 haec
571 438 610 470 et
643 433 801 469 huiusce
830 432 934 468 modi
961 445 984 467 a
1009 444 1047 468 se
1073 430 1242 467 factitari

62 499 345 547 praetendebat,
368 502 412 534 ut
433 502 544 546 parta
565 498 666 546 apud
686 497 897 546 principem
921 495 1045 544 gratia
1064 494 1242 544 periculis

62 562 266 611 Pomponii
286 561 452 598 Secundi
470 561 602 597 fratris
616 561 844 596 mederetur.
876 560 1007 596 Etiam
1022 560 1065 597 in
1084 560 1243 608 Pompe-

62 628 138 662 iam
157 626 373 662 Macrinam
394 625 555 662 exilium
575 625 773 670 statuitur,
790 624 898 660 cuius
917 625 1099 659 maritum
1119 623 1242 672 Argo-

61 690 190 735 licum,
221 703 391 726 socerum
429 689 630 736 Laconem,
671 702 691 725 e
728 689 958 737 primoribus
996 687 1242 724 Achaeorum

63 753 200 790 Caesar
255 754 468 790 adflixerat.
536 753 655 789 Pater
700 765 851 801 quoque
900 751 1078 788 inlustris
1126 763 1241 800 eques

63 818 260 854 Romanus
280 831 322 853 ac
342 819 460 854 frater
487 817 712 866 praetorius,
735 830 820 853 cum
849 816 1046 852 damnatio
1066 815 1239 860 instaret,

62 894 101 917 se
130 882 204 930 ipsi
231 882 463 918 interfecere.
523 881 669 917 Datum
693 886 775 917 erat
808 880 970 926 crimini,
993 880 1094 929 quod
1121 880 1242 915 Theo-

62 946 216 994 phanen
255 946 537 993 Mytilenaeum
570 959 757 994 proavum
795 958 925 981 eorum
965 945 1030 982 Cn.
1073 943 1242 992 Blagnus

62 1010 164 1046 inter
190 1010 348 1045 intimos
376 1010 583 1056 habuisset,
605 1010 782 1058 quodque
807 1010 987 1045 defuncto
1017 1008 1242 1058 Theophani

62 1074 241 1110 caelestes
260 1074 420 1110 honores·
441 1074 587 1110 Graeca
605 1074 776 1110 adulatio
796 1074 995 1109 tribuerat.

139 1138 260 1174 XIX.
318 1138 413 1174 Post
443 1151 536 1187 quos
566 1138 652 1174 Sex.
690 1138 841 1174 Marius
871 1137 1151 1186 Hispaniarum
1188 1137 1243 1172 di-

62 1202 233 1238 tissimus
258 1215 349 1238 saxo
370 1202 530 1251 Tarpeio
554 1202 732 1240 deicitur.
786 1202 848 1238 Ac
874 1215 924 1238 ne
943 1201 1103 1237 dubium
1129 1201 1242 1237 habe-

62 1270 169 1302 retur
203 1267 511 1314 magnitudinem
556 1267 740 1315 pecuniae
775 1266 875 1302 malo
927 1267 1098 1310 vertisse,
1136 1278 1242 1301 aura—

62 1330 137 1366 rias
161 1330 252 1376 eius,
287 1343 521 1379 quamquam
555 1331 856 1379 publicarentur,
884 1330 1038 1366 sibimet
1066 1329 1240 1366 Tiberius

62 1395 241 1442 seposuit.
298 1395 566 1443 Inritatusque
591 1394 787 1443 suppliciis
816 1398 984 1438 cunctos,
1006 1394 1072 1442 qui
1095 1407 1242 1430 carcere

62 1459 329 1495 attinebantur
364 1460 531 1496 accusati
567 1460 757 1496 societatis
794 1472 882 1495 cum
928 1459 1076 1504 Seiano,
1115 1459 1243 1495 necari

63 1523 178 1560 iubet.
237 1524 365 1560 Iacuit
403 1525 578 1560 inmensa
608 1528 764 1572 strages,
797 1523 920 1559 omnis
954 1536 1079 1569 sexus,
1117 1523 1243 1560 omnis

63 1590 176 1631 aetas,
198 1586 380 1623 inlustres
400 1587 596 1636 ignobiles,
619 1586 778 1635 dispersi
798 1590 866 1622 aut
883 1587 1065 1635 aggerati.
1104 1586 1242 1635 Neque

63 1648 286 1697 propinquis
314 1654 382 1685 aut
409 1649 539 1684 amicis
559 1649 752 1695 adsistere,
774 1648 1024 1694 inlacrimare,
1053 1661 1102 1684 ne
1120 1647 1242 1684 visere

63 1713 216 1761 quidem
237 1713 382 1749 diutius
403 1714 576 1758 dabatur,
598 1714 664 1749 scd
687 1713 919 1749 circumiecti
946 1713 1119 1749 custodes
1144 1717 1183 1748 et
1202 1712 1243 1748 in

63 1789 272 1812 maerorem
297 1777 479 1826 cuiusque
505 1777 648 1814 intenti
673 1790 828 1825 corpora
847 1777 1062 1825 putrefacta
1079 1777 1243 1812 adsecta-

63 1841 215 1887 bantur,
237 1841 328 1876 dum
347 1841 389 1877 in
407 1841 575 1877 Tiberim
598 1841 854 1887 traherentur,
874 1841 943 1876 ubi
961 1840 1157 1876 fluitantia
1174 1845 1242 1876 aut

63 1903 156 1952 ripis
183 1904 342 1952 adpulsa
369 1917 446 1940 non
474 1917 640 1941 cremare
659 1905 872 1953 quisquam,
902 1917 980 1940 non
1009 1900 1238 1952 contingere.

64 1967 320 2004 Interciderat
349 1969 462 2005 sortis
500 1969 690 2005 humanae
728 1968 996 2005 commercium
1033 1969 1073 2004 vi
1103 1972 1238 2014 metus,

63 2036 326 2080 quantumque
346 2032 507 2069 saevitia
525 2033 710 2082 glisceret,
732 2033 927 2069 miseratio
947 2032 1154 2069 arcebatur.
