1434 2413
143 83 191 119 30
473 80 660 118 TACJTI
696 80 1006 117 ANNALIUM

141 191 253 222 terna
272 184 417 233 origine
436 183 660 228 Arsaciden,
687 186 813 218 cetera
837 182 1071 229 degenerem.
1129 180 1316 216 Tiridates

143 262 222 285 rem
247 249 509 285 Seleucensem
539 247 680 296 populo
702 246 905 295 permittit.
962 246 1058 282 Mox
1084 246 1315 291 consultans,

143 325 308 361 quonam
337 312 398 348 die
426 311 625 348 sollemnia
652 310 761 358 regni
788 314 1008 359 capesseret,
1030 311 1180 347 litteras
1201 310 1317 347 Phra-

143 377 218 413 atis
242 380 281 412 et
301 375 497 422 Hieronis,
525 375 591 424 qui
614 374 869 411 validissimas
894 375 1150 423 praefecturas
1174 374 1316 423 optine-

143 442 248 487 bant,
276 439 425 488 accipit,
452 440 607 475 brevem
635 451 780 474 moram
805 438 1055 487 precantium.
1113 438 1318 474 Placitum-

143 517 217 553 que
244 503 410 553 opperiri
434 503 537 539 viros
563 503 846 552 praepollentis,
877 507 992 551 atque
1021 502 1176 539 interim
1201 502 1319 539 Ctesi-

143 569 247 617 phon
273 569 378 604 sedes
404 567 555 616 imperii
580 567 726 616 petita:
755 566 819 602 sed
839 566 905 602 ubi
926 566 1025 601 diem
1046 579 1094 601 ex
1114 565 1174 602 die
1200 565 1319 614 prola-

145 633 293 677 tabant,
320 631 454 667 multis
480 643 607 667 coram
633 634 671 666 et
696 630 997 678 adprobantibus
1024 630 1171 666 Surena
1195 629 1320 678 patrio

145 708 248 731 inore
269 695 469 731 Tiridaten
488 694 630 741 insigni
649 693 752 742 regio
772 693 931 730 evinxit.

223 759 382 796 XLIII.
445 759 506 794 Ac
543 758 575 794 si
612 758 744 794 statim
782 757 966 793 interiora
1003 761 1221 806 ceterasque
1258 769 1320 793 na-

145 825 269 860 tiones
298 823 508 872 petivisset,
544 835 722 871 oppressa
758 822 1023 858 cunctantium
1062 821 1253 858 dubitatio
1283 829 1321 858 et

146 901 276 925 onmes
304 888 347 924 in
375 901 497 924 unum
535 887 743 924 cedebant:
791 885 1000 921 adsidendo
1033 885 1242 931 castellum,
1281 885 1321 921 in

146 953 247 1002 quod
272 952 472 1001 pecuniam
493 954 532 987 et
550 950 703 999 pellices
723 949 948 985 Artabanus
971 949 1195 994 contulerat,
1218 948 1323 985 dedit

147 1018 313 1066 spatium
342 1015 508 1053 exuendi
536 1019 656 1063 pacta.
716 1014 819 1049 Nam
850 1013 1036 1049 Phraates
1065 1017 1104 1049 et
1133 1013 1257 1049 Hiero
1285 1019 1324 1049 et

147 1081 177 1117 si
211 1081 277 1130 qui
315 1080 381 1116 alii
413 1079 603 1116 delectum
634 1077 817 1126 capiendo
852 1076 1060 1113 diademati
1090 1076 1191 1112 diem
1221 1076 1324 1112 haud

147 1133 514 1189 concelebraverant,
550 1155 636 1191 pars
670 1145 787 1186 metii,
818 1141 972 1189 quidam
1001 1140 1149 1177 invidia
1176 1140 1217 1176 in
1245 1140 1324 1176 Ab-

147 1207 320 1254 dagesen,
356 1205 422 1254 qui
458 1208 543 1240 tum
571 1203 660 1240 aula
688 1207 727 1239 et
755 1216 854 1238 novo
893 1215 980 1251 rege
1016 1202 1246 1251 potiebatur,
1276 1202 1324 1237 ad

147 1270 394 1306 Artabanum
420 1272 596 1314 vertere3
629 1268 736 1316 isque
763 1267 803 1303 in
834 1267 1030 1315 Hyrcanis
1055 1271 1229 1315 repertus
1255 1271 1322 1309 est,

148 1334 294 1370 inluvie
314 1333 460 1369 obsitus
480 1336 518 1368 et
537 1332 722 1368 alimenta
740 1345 830 1368 arcu
852 1332 1069 1380 expediens..
1126 1332 1187 1368 Ac
1202 1332 1325 1380 primo

148 1402 345 1445 tamquam
366 1397 474 1432 dolus
493 1400 705 1444 pararetur,
727 1396 896 1442 territus,
926 1397 992 1432 ubi
1011 1397 1102 1433 data
1127 1397 1221 1433 fides
1245 1397 1326 1433 recl-

149 1461 294 1497 dendae
330 1460 584 1496 dominationi
620 1460 779 1506 venisse,
828 1461 1030 1497 adlevatur
1075 1461 1246 1497 animum
1288 1466 1327 1498 et

150 1536 247 1573 quac
272 1524 474 1572 repentina
501 1523 666 1560 mutatio
690 1523 869 1572 exquirit.
927 1524 1024 1559 Tum
1051 1523 1175 1560 Hiero
1204 1524 1327 1573 pueri-

150 1588 244 1624 tiam
273 1588 455 1624 Tiridatis
487 1588 669 1636 increpat,
705 1600 828 1636 neque
862 1599 978 1635 penes
1015 1586 1228 1623 Arsaciden
1261 1587 1327 1623 im-

150 1652 310 1700 perium,
332 1653 396 1688 sed
421 1652 536 1688 inane
561 1665 700 1688 nomen
727 1652 827 1700 apud
854 1651 1034 1687 inbellem
1058 1656 1217 1687 externa
1237 1652 1327 1687 11101-

150 1716 246 1761 litia,
267 1715 346 1751 vim
367 1715 408 1751 in
427 1715 641 1763 Abdagesis
660 1715 782 1751 dome.

230 1779 398 1818 XLIV.-
443 1779 572 1816 Sensit
602 1782 714 1815 vetus
751 1778 935 1826 regnandi
973 1777 1086 1814 salsos
1122 1777 1164 1813 in
1201 1790 1327 1814 amore

151 1845 238 1880 odia
274 1857 352 1880 non
389 1844 539 1892 fingere.
602 1843 686 1879 Nec
722 1842 827 1878 ultra
863 1847 1045 1886 moratus,
1084 1854 1199 1891 quam
1236 1842 1327 1878 dum

153 1910 381 1958 Scytharum
411 1907 557 1944 auxilia
585 1907 762 1952 conciret,
792 1906 919 1955 pergit
947 1918 1130 1954 properus
1158 1909 1197 1941 et
1227 1918 1328 1954 prae-

156 1972 309 2008 veniens
346 1971 588 2008 inimicorum
626 1975 743 2016 astus,
782 1970 991 2007 amicorum
1030 1969 1328 2018 paenitentiam3

152 2048 275 2084 neque
303 2039 463 2072 exuerat
490 2035 704 2084 paedorem,
734 2039 779 2071 ut
806 2034 965 2083 vulgum
994 2034 1239 2070 miseratione
1267 2034 1328 2070 ad-

152 2104 327 2136 verteret.
386 2101 478 2136 Non
503 2100 619 2145 fraus,
647 2112 724 2135 non
752 2111 891 2148 preces,
920 2098 1018 2134 nihil
1047 2098 1227 2134 omissum
1254 2110 1329 2147 quo

152 2163 348 2212 ambiguos
398 2163 581 2209 inliceret,
632 2163 802 2212 prompti
851 2163 1105 2199 firmarentur.
1168 2162 1328 2212 Iamque

153 2228 275 2264 inulta
306 2240 421 2264 manu
453 2228 714 2278 propinquans
745 2226 937 2264 Seleuciae
967 2226 1213 2272 adventabat,
1243 2239 1327 2263 curn
