1419 2428
400 78 569 115 LIBER
604 79 665 117 VI.
707 91 931 117 XLII—XLV.
1201 84 1247 120 31

76 181 263 218 Tiridates
293 181 406 217 simul
436 182 539 218 fama
564 186 680 230 atque
710 182 792 231 ipso
823 183 1025 218 Artabano
1056 183 1251 231 perculsus

75 245 235 281 distrahi
265 245 442 289 consiliis,
475 245 549 281 iret
586 250 719 281 contra
750 259 801 282 an
833 246 977 282 bellum
1008 246 1251 283 cunctatione

75 312 266 346 tractaret.
326 308 475 353 Quibus
504 309 691 357 proelium
722 313 761 345 et
792 310 965 346 festinati
995 323 1103 347 casus
1132 311 1251 360 place·

74 372 178 418 bant,
194 372 370 409 disiectos
389 376 428 409 et
446 373 731 421 longinquitate
750 373 901 410 itineris
922 374 1038 411 fessos
1057 388 1104 411 ne
1123 375 1251 411 animo

73 436 227 483 quidem
260 437 353 473 satis
385 437 434 472 ad
466 437 690 485 obsequium
720 438 902 474 coaluisse
934 439 1137 484 disserunt,
1169 452 1251 488 pro-

73 500 214 537 ditores
243 513 367 549 nuper
398 501 601 550 hostesque
629 501 721 547 eius,
751 515 863 550 quem
898 516 1050 539 rursum
1080 503 1247 541 foveant.

72 565 220 600 Verum
258 566 479 614 Abdageses
521 566 815 614 regrediendum
852 567 893 603 in
932 568 1249 616 Mesopotamiam

72 630 258 676 censebat,
285 635 330 666 ut
354 643 465 666 amne
485 631 642 677 obiecto,
673 631 867 668 Armeniis
895 633 1051 670 interim
1077 634 1250 682 Elymae-

72 693 178 741 isque
205 698 243 730 et
271 694 406 730 ceteris
426 708 448 730 a
466 699 573 743 tergo
599 695 747 741 excitis,
778 696 880 732 aucti
907 697 1024 746 copiis
1049 698 1250 735 socialibus

71 762 109 792 et
138 770 231 806 quas
259 759 338 795 dux
359 759 557 795 Romanus
584 759 751 796 misisset
779 760 973 797 fortunam
1001 766 1246 810 temptarent.

72 820 128 856 Ea
161 821 351 856 sententia
384 821 519 865 valuit,
559 821 649 870 quia
686 822 854 870 plurima
890 824 1098 860 auctoritas
1134 837 1250 874 penes

70 884 299 933 Abdagesen
320 889 358 921 et
379 885 568 922 Tiridates
587 886 750 934 ignavus
769 887 817 922 ad
837 888 1006 935 pericula
1026 893 1118 926 erat.
1176 889 1249 926 Sed

70 949 181 995 fugae
207 949 329 997 specie
355 949 586 995 discessum3
616 962 659 986 ac
681 950 869 999 principio
894 965 916 987 a
940 956 1053 1000 gente
1072 952 1248 988 Arabum

71 1013 169 1048 facto
206 1013 322 1049 ceteri
359 1014 489 1049 domos
526 1014 669 1050 abeunt
705 1015 766 1051 vel
804 1015 845 1050 in
883 1021 1007 1052 castra
1042 1016 1246 1061 Artabani,

71 1075 188 1111 donec
209 1075 398 1112 Tiridates
417 1089 503 1112 cum
523 1077 653 1124 paucis
678 1077 719 1113 in
740 1077 891 1126 Syriam
911 1083 1085 1115 revectus
1105 1080 1249 1128 pudore

71 1140 304 1187 proditiones
324 1153 453 1177 omnes
472 1141 645 1178 exsolvit.

136 1265 221 1290 XLV.
281 1253 574 1303 Cowzflayratz'on
604 1261 643 1291 ab
672 1255 798 1291 Rome.
857 1256 932 1292 The
966 1256 1178 1305 Emperor's

560 1316 759 1365 liberalitgs.

149 1391 278 1428 XLV.
347 1392 455 1428 Idem
502 1405 626 1428 annus
662 1392 771 1441 gravi
806 1392 894 1441 igne
930 1394 1065 1429 urbem
1102 1394 1243 1440 adficit,

71 1456 205 1492 deusta
232 1460 340 1504 parte
368 1456 469 1502 circi,
499 1469 596 1504 quae
623 1456 825 1492 Aventino
858 1457 1049 1505 contigua,
1089 1457 1247 1506 ipsoque

71 1519 269 1555 Aventino
283 1532 295 1566 3
331 1519 433 1567 quod
461 1519 643 1554 damnum
681 1518 820 1555 Caesar
856 1519 904 1555 ad
931 1519 1091 1568 gloriam
1128 1521 1248 1557 vertit

71 1583 255 1619 exsolutis
304 1583 486 1619 domuum
535 1589 573 1619 et
620 1583 834 1619 insularum
883 1584 1027 1632 pretiis.
1115 1584 1247 1621 Milies

70 1647 288 1683 sestertium
316 1647 358 1682 in
385 1648 648 1683 munificentia
680 1660 723 1683 ea
755 1648 1005 1693 conlocatum,
1044 1652 1155 1685 tanto
1191 1663 1246 1685 ac-

71 1711 219 1758 ceptius
255 1711 297 1746 in
334 1711 503 1759 vulgum,
544 1715 689 1759 quanto
726 1711 898 1746 modicus
930 1711 1093 1760 privatis
1120 1712 1246 1748 aedifi-

71 1775 284 1810 cationibus
307 1787 355 1810 ne
382 1774 533 1823 publice
558 1774 712 1823 quidem
738 1775 813 1812 nisi
842 1775 917 1810 duo
946 1788 1060 1824 opera.
1088 1777 1244 1821 struxit,

71 1838 258 1886 templum
300 1839 480 1887 Augusto
528 1844 567 1875 et
607 1852 760 1875 scenam
808 1839 1035 1887 Pompeiani
1079 1840 1244 1886 theatrig

72 1915 190 1951 eaque
222 1902 398 1951 perfecta,
434 1907 656 1953 contemptu
689 1904 911 1940 ambitionis
940 1917 990 1940 an
1022 1916 1091 1952 per
1122 1917 1246 1941 senec-

71 1971 206 2012 tutem,
230 1967 333 2003 haud
359 1967 561 2005 dedicavit.
620 1967 695 2005 Sed
720 1967 958 2004 aestimando
984 1968 1167 2016 cuiusque
1186 1969 1246 2005 de—

71 2031 252 2068 trimento
280 2035 463 2080 quattuor
490 2032 691 2080 progeneri
719 2032 902 2077 Caesaris
935 2032 1001 2069 On.
1034 2032 1243 2079 Domitius,

72 2095 222 2132 Cassius
241 2095 449 2145 Longinus,
481 2096 535 2133 M.
558 2096 748 2142 Vinicius,
770 2096 974 2132 Rubellius
995 2096 1166 2132 Blandus
1185 2097 1246 2133 de·-

70 2159 159 2195 lecti
185 2159 413 2209 additusque
436 2160 699 2196 nominatione
724 2160 924 2196 consulum
950 2159 994 2197 P.
1023 2159 1241 2196 Petronius.

70 2224 123 2260 Et
146 2237 216 2274 pro
242 2224 396 2274 ingenio
425 2225 607 2273 cuiusque
636 2224 800 2274 quaesiti
827 2224 1044 2273 decretique
1072 2224 1113 2260 in
1143 2225 1244 2274 prin—
