1419 2428
359 105 528 143 LIBER
564 106 625 143 VI.
665 117 841 142 XXX111—
855 118 988 144 XXXVI.
1213 108 1260 144 25

86 209 296 254 dominatu,
331 212 476 257 quanto
509 207 653 244 maiora
685 212 870 256 peterent,
901 208 987 256 plus
1015 207 1159 244 decoris
1187 208 1261 244 vic-

87 279 188 310 tores
228 277 307 318 aut,
349 273 382 308 si
429 277 534 321 terga
574 272 721 317 darent,
764 272 902 320 fiagitii
943 276 1058 321 atque
1100 272 1261 320 periculi

87 337 231 373 laturos
246 349 257 383 3
295 336 410 373 simul
442 335 636 372 horridam
674 348 830 372 suorum
868 336 999 381 aciem,
1032 337 1135 385 picta
1167 349 1259 373 auro

87 401 292 437 Medorum
325 400 488 450 agmina,
523 400 614 436 hinc
650 400 764 446 viros,
797 400 886 436 inde
924 401 1104 449 praedam
1139 405 1263 437 osten-

86 465 184 502 dere.

165 528 348 565 XXXV.
406 528 614 565 Enimvero
641 529 742 577 apud
769 528 963 565 Sarmatas
989 543 1067 565 non
1090 543 1166 566 una
1185 543 1263 566 vox

86 593 219 630 ducis:
249 606 289 629 se
317 593 478 642 quisque
506 593 709 629 stimulant
736 606 785 629 ne
812 606 980 642 pugnam
1008 607 1076 643 per
1103 595 1263 643 sagittas

86 657 273 693 sinerent:
294 657 441 706 impetu
462 661 500 693 et
515 657 728 693 comminus
742 657 1077 705 praeveniendum.
1118 658 1264 694 Variae

88 719 177 755 hinc
196 720 424 756 bellantium
444 721 596 769 species,
624 733 711 756 cum
731 720 899 757 Parthus
926 721 1035 770 sequi
1052 721 1114 757 vel
1133 722 1263 770 fugere

85 783 168 832 pari
201 789 283 820 arte
312 789 444 821 suetus
473 784 703 821 distraheret
730 788 889 829 turmas,
923 785 1090 833 spatium
1123 785 1263 821 ictibus

85 852 293 896 quaereret,
325 849 521 885 Sarmatae
547 848 685 884 omisso
710 861 809 893 arcu,
840 862 915 898 quo
942 850 1097 885 brevius
1119 849 1261 893 valent,

86 913 208 949 contis
249 912 461 961 gladiisque
508 916 689 956 ruerent;
738 913 849 949 modo
894 913 1080 961 equestris
1127 913 1263 961 proelii

85 989 188 1013 more
206 977 343 1013 frontis
362 981 401 1013 et
425 977 524 1025 tergi
549 976 660 1022 vices,
683 977 887 1025 aliquando
909 981 953 1013 ut
973 981 1146 1013 conserta
1164 977 1263 1013 acies

85 1042 305 1090 corporibus
341 1046 381 1078 et
411 1042 525 1090 pulsu
557 1054 751 1077 armorum
789 1041 976 1090 pellerent
1010 1042 1258 1090 pellerentur.

85 1107 246 1155 Iamque
272 1110 312 1142 et
338 1105 487 1142 Albani
514 1105 694 1154 Iberique
727 1118 917 1154 prensare,
948 1105 1162 1151 detrudere,
1199 1118 1263 1141 an-

85 1171 240 1220 cipitem
265 1183 434 1219 pugnam
459 1170 633 1206 hostibus
657 1169 790 1215 facere,
818 1182 912 1217 quos
941 1183 1055 1218 super
1082 1182 1198 1225 eques
1225 1175 1264 1206 et

84 1235 323 1284 propioribus
358 1234 582 1270 vulneribus
618 1234 766 1282 pedites
809 1234 1070 1271 adflictabant.
1147 1233 1263 1270 Inter

84 1312 180 1347 quae
212 1299 490 1336 Pharasmanes
524 1298 755 1346 Orodesque,
789 1298 882 1334 dum
915 1298 1082 1334 strenuis
1119 1298 1265 1335 adsunt

84 1366 153 1398 aut
181 1361 449 1398 dubitantibus
482 1361 729 1406 subveniunt,
761 1360 957 1408 conspicui
985 1373 1104 1409 eoque
1139 1361 1260 1409 gnari,

85 1425 247 1461 clamore
289 1424 377 1461 telis
420 1425 528 1473 equis
571 1428 815 1467 concurrunt,
853 1424 1064 1460 instantius
1102 1424 1263 1460 Pharas-

85 1501 242 1534 manes,
267 1501 358 1524 nam
376 1488 517 1524 vulnus
542 1501 610 1537 per
635 1488 782 1536 galeam
811 1488 950 1537 adegit.
1009 1488 1092 1524 Nec
1120 1488 1261 1525 iterare

85 1552 220 1597 valuit,
247 1552 440 1600 praelatus
465 1565 563 1601 equo
587 1556 626 1588 et
653 1552 871 1589 fortissimis
899 1553 1113 1589 satellitum
1140 1557 1263 1602 prote-

85 1616 262 1664 gentibus
281 1616 475 1655 saucium:
504 1617 606 1653 fama
630 1620 760 1653 tamen
784 1617 897 1653 occisi
922 1617 1016 1653 falso
1041 1617 1184 1653 credita
1203 1630 1264 1654 ex-

85 1679 225 1716 terruit
245 1679 410 1716 Parthos
429 1680 707 1729 victoriamque
727 1694 952 1718 concessere.

164 1743 368 1780 XXXVI.
427 1743 525 1780 Mox
542 1744 769 1780 Artabanus
789 1748 872 1780 tota
890 1744 990 1780 mole
1008 1744 1117 1792 regni
1135 1745 1262 1780 ultum

85 1807 141 1844 iit.
200 1807 348 1843 Per-itia
365 1807 535 1844 locorum
554 1809 602 1844 ab
623 1808 748 1845 Iberis
767 1809 903 1845 melius
923 1814 1137 1857 pugnatum
1152 1822 1163 1855 ;
1193 1822 1264 1845 nec

86 1872 171 1909 ideo
202 1873 438 1920 abscedebat,
467 1873 510 1909 ni
534 1874 740 1910 contractis
767 1873 982 1922 legionibus
1011 1874 1197 1910 Vitellius
1223 1878 1263 1910 et

86 1935 239 1971 subdito
271 1948 434 1982 rumore,
472 1939 671 1985 tamquam
700 1937 1019 1985 Mesopotamiam
1046 1937 1261 1983 invasurus,

86 2003 232 2036 metum
260 1999 427 2035 Romani
452 2000 545 2036 belli
570 2001 727 2037 fecisset.
785 2001 883 2037 Tum
912 2001 1050 2037 omissa
1074 2001 1263 2038 Armenia

85 2076 290 2112 versaeque
316 2064 511 2100 Artabani
534 2077 604 2111 res,
632 2064 830 2101 inliciente
855 2065 1019 2101 Vitellio
1045 2065 1264 2102 desererent

86 2139 213 2176 regem
249 2140 406 2164 saevum
443 2129 485 2164 in
521 2141 613 2177 pace
650 2133 689 2165 et
725 2129 893 2165 adversis
930 2129 1164 2178 proeliorum
1201 2141 1263 2165 ex-

86 2191 251 2227 itiosum.
308 2190 437 2238 Igitur
466 2191 659 2238 Sinnaces,
690 2204 805 2240 quem
831 2195 945 2228 antea
969 2191 1162 2228 infensum
1187 2203 1262 2226 me-

87 2254 244 2301 moravi,
265 2259 412 2303 patrem
432 2254 662 2304 Abdagesen
683 2255 851 2303 aliosque
871 2255 1036 2291 occultos
1055 2254 1203 2291 consilii
1223 2258 1263 2289 et
