1419 2428
341 96 512 132 LIBER
548 95 610 133 VI.
651 106 969 132 xxxva—xxxix.
1171 95 1218 133 27

42 196 211 245 partium
247 195 470 243 Abdageses
508 207 638 243 gazam
669 198 708 230 et
739 198 896 242 paratus
932 194 1059 242 regios
1089 195 1216 230 adicit.

42 259 227 296 Vitellius
257 262 466 295 ostentasse
495 258 671 294 Romana
699 269 805 292 arma
831 257 923 293 satis
954 262 1059 293 ratus
1090 262 1221 292 monet

41 323 239 359 Tiridaten
271 322 542 371 primoresque,
577 321 690 365 hunc,
722 321 901 356 Phraatis
929 321 993 357 avi
1021 325 1059 357 et
1087 320 1220 357 altoris

43 387 212 423 Caesaris
242 399 414 434 quaeque
441 385 647 433 utrobique
674 384 835 432 pulchra
862 385 1092 431 meminerit,
1120 385 1218 430 illos,

42 451 266 499 obsequium
293 451 334 485 in
360 462 497 498 regem,
524 449 778 485 reverentiam
805 449 847 484 in
872 462 951 495 nos,
981 450 1095 485 decus
1121 449 1220 497 quis-

41 527 115 564 que
145 527 257 551 suum
283 519 321 550 et
346 514 459 549 fidem
484 506 708 549 retinerent.
766 513 872 549 Exin
898 526 984 549 cum
1004 514 1218 562 legionibus

43 580 85 615 in
106 579 255 627 Syriam
276 578 470 614 remeavit.

113 696 396 722 xxxvia—XL.
453 684 626 721 Suicides
645 685 727 721 and
744 685 953 721 executions
972 691 1012 721 at
1031 685 1162 723 Rome.

122 772 374 809 XXXVIII.
433 772 539 816 Quae
577 772 724 808 duabus
755 774 964 809 aestatibus
999 777 1104 822 gesta
1138 787 1223 810 con-

42 835 167 882 iunxi,
206 848 280 884 quo
318 835 571 883 requiesceret
603 836 755 872 animus
785 849 807 872 a
840 836 1056 872 domesticis
1095 836 1218 873 malis.

42 899 83 935 N
85 912 134 935 on
154 899 256 934 enim
283 899 490 945 Tiberium,
517 911 749 947 quamquam
775 899 945 935 triennio
965 903 1051 947 post
1071 899 1221 936 caedem

44 963 181 1008 Seiani,
221 975 319 1011 quae
356 967 499 998 ceteros
536 963 685 999 mollire
727 963 861 1008 solent,
901 968 1055 1012 tempus
1092 976 1221 1012 preces

42 1029 158 1064 satias
183 1027 424 1075 mitigabant,
447 1027 541 1075 quin
564 1027 711 1063 incerta
730 1028 792 1063 vel
817 1027 961 1063 abolita
986 1040 1053 1075 pro
1080 1027 1221 1075 gravis-

42 1092 148 1128 simis
168 1096 207 1128 et
229 1091 445 1128 recentibus
470 1091 634 1139 puniret.
694 1091 752 1127 Eo
771 1096 878 1128 metu
897 1091 1096 1128 Fulcinius
1117 1091 1218 1137 Trio,

42 1156 258 1204 ingruentis
282 1159 520 1191 accusatores
546 1155 649 1191 haud
674 1168 886 1204 perpessus,
908 1155 1094 1203 supremis
1113 1155 1222 1191 tabu-

43 1220 90 1256 lis
110 1220 233 1256 multa
257 1224 296 1256 et
321 1220 463 1255 atrocia
488 1219 525 1255 id
549 1219 770 1256 Macronem
796 1233 838 1256 ac
864 1220 1085 1268 praecipuos
1111 1220 1223 1256 liber-

44 1290 171 1321 torum
199 1284 371 1321 Caesaris
401 1285 611 1332 conposuit,
641 1283 714 1332 ipsi
743 1284 887 1320 fluzzam
917 1285 1022 1320 senio
1052 1288 1220 1320 mentem

43 1353 82 1384 et
101 1349 282 1385 continuo
307 1349 482 1384 abscessu
500 1348 609 1384 velut
634 1349 794 1385 exilium
820 1349 1055 1386 obiectando.
1114 1349 1222 1393 Quae

43 1414 91 1449 ab
110 1413 314 1449 heredibus
339 1412 528 1448 occultata
553 1413 706 1448 recitari
732 1413 908 1449 Tiberius
931 1413 1054 1459 iussit,
1076 1414 1220 1462 patien-

43 1478 139 1514 tiam
167 1477 358 1513 libertatis
390 1478 536 1513 alienae
566 1481 763 1514 ostentans
793 1482 831 1514 et
858 1482 1100 1527 contemptor
1129 1490 1221 1514 suae

44 1542 233 1587 infamiae,
254 1555 304 1577 an
323 1542 506 1577 scelerum
530 1541 660 1578 Seiani
684 1542 753 1578 diu
776 1542 926 1578 nescius
952 1555 1043 1580 mox
1068 1555 1222 1591 quoquo

44 1606 156 1643 modo
183 1606 285 1642 dicta
309 1605 462 1653 vulgari
486 1606 653 1642 malebat
673 1606 934 1655 veritatisque,
962 1607 1024 1643 cui
1049 1607 1220 1643 adulatio

44 1671 170 1716 officit,
195 1683 263 1719 per
287 1670 426 1718 probra
453 1670 589 1706 saltem
615 1683 757 1719 gnarus
781 1671 874 1708 fieri.
932 1669 1058 1708 Isdem
1085 1671 1221 1707 diebus

46 1734 213 1770 Granius
238 1733 459 1770 Marcianus
488 1738 653 1781 senator,
680 1748 703 1771 a
734 1735 774 1771 C.
809 1735 981 1771 Graccho
1011 1735 1224 1771 maiestatis

44 1797 272 1846 postulatus,
303 1797 383 1833 vim
413 1798 516 1834 vitae
549 1811 638 1834 suae
669 1799 815 1844 attulit,
854 1799 1065 1848 Tariusque
1099 1799 1224 1835 Grati-

45 1872 142 1896 anus
165 1864 346 1909 praetura
373 1861 530 1897 functus
555 1860 638 1909 lege
665 1862 795 1897 eadem
822 1866 1039 1898 extremum
1065 1862 1113 1898 ad
1140 1874 1224 1910 sup-

45 1923 204 1972 plicium
223 1924 435 1960 damnatus.

125 1987 332 2023 XXXIX.
390 1987 473 2023 Nec
492 1987 661 2036 dispares
680 1988 910 2024 Trebellienj
931 1989 1022 2024 Rufi
1042 1992 1081 2025 et
1100 1988 1226 2025 Sextii

47 2050 256 2087 Paconiani
275 2051 403 2087 exitus
420 2065 427 2088 ε
457 2064 545 2087 nam
564 2052 824 2088 Trebellienus
849 2064 919 2088 sua
940 2065 1058 2088 manu
1077 2052 1222 2097 cecidit,

47 2114 288 2151 Paconianus
316 2115 358 2150 in
385 2128 533 2151 carcere
561 2116 609 2152 ob
637 2116 808 2152 carmina
837 2116 916 2152 illic
944 2116 986 2152 in
1013 2116 1225 2165 principem

47 2177 224 2214 factitata
242 2179 501 2226 strangulatus
516 2183 584 2217 est.
634 2179 743 2216 Haec
762 2180 937 2216 Tiberius
957 2193 1035 2216 non
1053 2181 1161 2226 mari,
1179 2184 1225 2215 ut

48 2242 150 2287 olim,
171 2241 316 2278 divisus
341 2255 465 2291 neque
483 2255 551 2291 per
569 2243 798 2293 longinquos
817 2244 976 2280 nuntios
995 2244 1216 2292 accipiebat,
