1419 2428
394 67 563 103 LIBER
599 67 662 104 VJ.
703 78 932 104 xxm—xxv.
1205 68 1251 105 17

79 168 198 204 vitiae
224 168 346 216 plena,
378 171 572 215 tamquam
606 167 809 216 egregium,
834 180 1019 216 vocesque
1045 168 1256 205 deficientis

79 233 277 276 adiecerat,
312 231 398 280 quis
431 231 554 279 primo
591 231 861 266 alienationem
894 233 1033 267 mentis
1073 232 1256 268 simulans

79 296 189 345 quasi
210 309 277 344 per
300 296 532 332 dementiam
557 295 711 331 funesta
729 296 891 340 Tiberio,
914 309 1014 342 mox,
1037 296 1104 332 ubi
1124 309 1256 344 exspes

80 360 184 396 vitae
207 360 292 405 fuit,
316 359 519 395 meditatas
537 359 839 407 compositasque
857 359 958 395 diras
976 360 1254 408 imprecabatur,

81 428 125 459 ut
143 436 256 472 quem
279 423 326 458 ad
348 423 501 458 modum
520 436 661 459 nurum
682 423 880 472 filiumque
896 424 1026 460 fratris
1045 428 1083 460 et
1099 430 1257 472 nepotes

80 487 309 536 domumque
338 500 487 522 omnem
517 487 693 523 caedibus
724 487 999 535 complevisset,
1028 487 1083 523 ita
1117 501 1258 536 poenus

79 551 225 586 nomini
242 551 445 599 generique
461 551 648 585 maiorum
666 554 705 586 et
721 550 882 598 posteris
903 551 1124 587 exsolveret.
1185 551 1258 587 Ob-

80 614 289 650 turbabant
315 613 467 662 quidem
488 618 615 662 patres
640 614 764 662 specie
790 614 1029 650 detestandi:
1059 614 1124 650 sed
1149 627 1259 662 pene-

83 678 208 713 trabat
233 690 352 725 pavor
381 681 418 712 et
444 677 658 723 admiratio,
686 678 865 713 callidum
901 678 991 713 olim
1021 683 1061 714 et
1086 679 1258 727 tegendis

81 740 285 776 sceleribus
310 740 513 776 obscurum
539 740 613 777 huc
639 741 891 776 confidentiae
918 742 1076 786 venisse,
1096 746 1140 778 ut
1164 746 1259 778 tam-

81 816 194 852 quam
218 803 373 839 dimotis
401 804 611 851 parietibus
636 804 855 840 ostenderet
876 809 1053 853 nepotem
1083 806 1154 841 sub
1178 819 1259 841 ver-

81 868 168 903 bere
201 867 443 912 centurionis,
468 867 571 903 inter
588 881 784 904 servorum
813 868 924 914 ictus,
952 873 1125 905 extrema
1156 869 1258 905 ‘vitae

83 932 266 968 alimenta
286 932 430 968 frustra
452 940 634 970 orantem.

384 1101 476 1127 XXV.
531 1090 656 1127 Decctlc
675 1090 723 1139 of
732 1091 960 1140 Ayrippz‘na.

161 1186 298 1225 XXV.
364 1187 547 1224 Nondum
586 1188 619 1225 is
657 1189 763 1225 dolor
808 1190 1036 1235 exoleverat,
1083 1203 1169 1226 cum
1214 1192 1260 1228 de

85 1251 304 1300 Agrippina
331 1252 518 1299 auditum,
549 1265 664 1301 quam
692 1253 895 1290 interfecto
924 1254 1061 1291 Seiano
1090 1268 1154 1304 spe
1183 1268 1260 1292 sus-

85 1317 272 1350 tentatam
291 1315 505 1363 provixisse
524 1329 620 1362 reor,
637 1320 675 1352 et
694 1321 896 1365 postquam
916 1317 1014 1352 nihil
1034 1317 1080 1353 de
1100 1317 1260 1354 saevitia

85 1379 361 1425 remittebatur,
407 1380 609 1416 voluntate
646 1381 890 1427 exstinctam,
929 1381 1005 1417 nisi
1042 1381 1075 1418 si
1110 1382 1259 1430 negatis

85 1443 275 1479 alimentis
304 1444 557 1480 adsimulatus
585 1449 642 1480 est
670 1445 768 1491 finis,
799 1445 865 1494 qui
896 1445 1094 1482 videretur
1126 1450 1260 1495 sponte

86 1511 271 1556 sumptus.
343 1508 552 1544 Enimvero
595 1509 768 1546 Tiberius
813 1510 1042 1546 foedissimis
1087 1510 1261 1546 crimina-

87 1571 257 1607 tionibus
296 1572 449 1618 exarsit,
490 1572 771 1621 impudicitiam
808 1586 972 1622 arguens
1008 1578 1047 1610 et
1077 1574 1261 1609 Asinium

87 1635 242 1671 Gallum
270 1636 500 1683 adulterum,
531 1637 689 1685 eiusque
717 1641 840 1673 morte
868 1638 915 1674 ad
949 1638 1120 1674 taedium
1158 1638 1261 1674 vitae

86 1700 316 1748 conpulsam.
386 1700 459 1737 Sed
491 1701 712 1750 Agrippina
749 1702 862 1750 aequi
898 1702 1104 1750 inpatiens,
1145 1702 1261 1738 domi-

87 1763 206 1798 nandi
230 1763 353 1809 avida,
380 1763 556 1799 virilibus
582 1763 684 1800 curis
708 1764 937 1801 feminarum
962 1765 1060 1801 vitia
1090 1770 1258 1801 exuerat.

88 1825 233 1862 Eodem
271 1826 332 1862 die
373 1826 605 1873 defunctam,
651 1839 726 1875 quo
770 1827 925 1864 biennio
968 1831 1058 1863 ante
1101 1827 1261 1863 Seianus

88 1903 227 1938 poenas
263 1890 406 1936 luisset,
445 1891 725 1939 memoriaeque
760 1891 801 1927 id
838 1892 1076 1940 prodendum
1112 1892 1261 1928 addidit

88 1953 236 1999 Caesar,
258 1953 492 2002 iactavitque
510 1954 611 2002 quod
630 1967 708 1990 non
727 1954 862 2003 laqueo
881 1955 1119 2003 strangulata
1136 1968 1260 2003 neque

88 2019 130 2053 in
177 2017 381 2054 Gemonias
422 2019 590 2066 proiecta
631 2018 738 2055 soret.
802 2018 927 2055 Actae
969 2019 1017 2054 ob
1059 2019 1100 2055 id
1135 2022 1260 2067 grates

90 2080 358 2129 decretumque
387 2086 432 2116 ut
461 2081 642 2129 quintum
675 2080 877 2117 decumum
908 2080 983 2118 kal.
1015 2080 1258 2127 Novembris,

90 2143 290 2191 utriusque
326 2144 428 2180 necis
465 2143 538 2189 die,
575 2157 643 2193 per
680 2144 803 2181 omnis
841 2157 959 2180 annos
996 2145 1137 2181 donum
1174 2145 1260 2182 Iovi

89 2211 308 2244 sacraretur.

201 2291 237 2321 C.
258 2291 293 2321 T.
1123 2284 1146 2321 2
