1419 2428
438 76 604 112 LIBER
642 75 705 113 VI.
745 87 895 114 X—XII.
1233 79 1254 115 9

79 173 297 210 nitudinem
329 173 462 222 populi
493 186 536 209 ao
569 173 680 210 tarda
711 173 840 222 legum
874 173 1020 210 auxilia
1045 174 1210 223 sumpsit
1236 187 1257 211 e

80 238 342 274 consularibus
372 238 439 286 qui
476 241 667 274 coerceret
703 238 861 274 servitia
897 241 936 273 et
973 239 1075 286 quod
1112 238 1255 274 civium

79 301 238 338 audacia
257 301 466 346 turbidum,
486 301 560 337 nisi
581 302 660 336 vim
682 305 840 338 metuat.
899 301 1129 350 Primusque
1155 302 1256 338 Mes-

79 365 174 402 salla
211 366 400 403 Corvinus
430 378 513 401 eam
549 369 776 414 potestatem
814 370 854 401 et
881 378 1019 413 paucos
1046 367 1151 402 intra
1178 366 1257 403 dies

80 431 194 466 finem
223 430 378 478 accepit,
410 429 520 478 quasi
548 429 698 465 nescius
730 429 954 476 exercendi,
992 434 1076 465 tum
1109 430 1258 466 Taurus

81 493 267 539 Statilius,
289 506 520 543 quamquam
539 498 719 543 provecta
736 498 871 540 aetate,
893 494 1041 542 egregie
1054 494 1234 530 toleravit
1247 507 1258 540 3

79 558 168 594 dein
196 557 287 594 Piso
314 558 454 606 viginti
482 571 550 606 per
571 570 692 593 annos
720 558 866 606 pariter
884 557 1078 606 probatus,
1099 557 1254 605 publico

79 622 213 658 funere
232 635 281 658 ex
299 622 449 658 decreto
469 626 625 658 senatus
644 622 856 658 celebratus
876 626 942 658 est.

81 782 149 809 XII.
207 771 454 818 Proeeedinqs
489 771 534 807 in
570 771 627 807 tlte
664 771 798 808 Senate
835 771 925 807 with
954 770 1133 818 reference
1166 777 1202 807 to
1234 784 1260 807 α

131 837 317 885 supposed
354 836 536 884 Sibylline
570 835 669 873 book.
734 835 810 872 The
845 835 1059 883 Emperor's
1095 835 1260 872 decision

133 912 183 936 οη
202 900 258 936 the
277 905 420 935 matter.

160 1004 261 1042 XII.
318 1005 499 1041 Relatum
525 1005 614 1040 inde
638 1005 686 1041 ad
711 1008 838 1053 patres
864 1017 887 1040 a
919 1004 1162 1049 Quintiliano
1195 1004 1261 1039 tri-

82 1069 185 1105 buno
213 1069 337 1117 plebei
361 1069 407 1105 de
436 1069 535 1105 libro
561 1069 741 1114 Sibullae,
771 1082 885 1117 quem
913 1069 1100 1105 Caninius
1125 1069 1261 1105 Gallus

83 1134 432 1182 quindecimvirum
455 1134 572 1182 recipi
600 1134 703 1169 inter
731 1138 875 1170 ceteros
899 1133 1069 1169 eiusdem
1099 1134 1198 1169 vatis
1224 1139 1263 1170 et

83 1211 127 1234 ea
158 1198 205 1234 de
233 1211 275 1234 re
308 1202 463 1233 senatus
496 1198 713 1233 consultum
747 1198 1020 1246 postulaverat.
1080 1197 1166 1241 Quo
1195 1209 1264 1245 per

83 1263 349 1299 discessionem
382 1262 483 1298 facto
515 1262 623 1298 misit
658 1262 807 1298 litteras
841 1262 989 1308 Caesar,
1025 1263 1170 1299 modice
1197 1262 1264 1298 tri-

84 1327 231 1362 bunum
252 1327 450 1374 increpans
469 1325 646 1374 ignarum
671 1325 823 1374 antiqui
842 1325 958 1361 moris
987 1326 1034 1361 ob
1053 1325 1261 1363 iuventam.

86 1391 198 1427 Gallo
227 1391 492 1439 exprobrabat,
524 1389 625 1438 quod
655 1390 837 1426 scientiae
870 1389 1264 1438 caerimoniarumque

85 1459 197 1491 vetus
228 1454 374 1490 incerto
401 1458 565 1499 auctore,
600 1458 691 1489 ante
721 1454 953 1490 sententiam
983 1454 1142 1502 collegii,
1171 1467 1260 1500 non,

85 1524 130 1556 ut
155 1519 310 1565 adsolet,
333 1519 430 1554 lecto
456 1531 522 1566 per
554 1518 753 1566 magistros
779 1520 1054 1567 aestimatoque
1085 1519 1264 1565 carmine,

86 1585 188 1634 apud
202 1583 484 1631 infrequentem
505 1587 680 1618 senatum
701 1583 846 1630 egisset.
905 1581 1029 1618 Simul
1055 1594 1266 1618 commone-

85 1647 188 1692 fecit,
209 1647 299 1696 quia
313 1646 436 1682 multa
455 1659 556 1682 vana
574 1647 644 1682 sub
664 1645 819 1681 nomine
839 1645 977 1682 celebri
993 1645 1264 1693 vulgabantur,

87 1711 256 1747 sanxisse
288 1711 524 1759 Augustum,
557 1724 669 1760 quem
704 1712 807 1747 intra
839 1711 940 1746 diem
972 1711 1021 1747 ad
1050 1714 1262 1759 praetorem

88 1774 278 1809 urbanum
308 1774 550 1810 deferrentur
589 1786 686 1810 neve
722 1773 861 1810 habere
898 1775 1081 1822 privatim
1117 1774 1258 1810 liceret.

89 1836 200 1880 Quod
219 1849 241 1872 a
259 1836 466 1872 maioribus
485 1848 635 1885 quoque
655 1836 850 1872 decretum
877 1841 959 1872 erat
977 1842 1063 1885 post
1083 1840 1265 1872 exustum

88 1900 217 1937 sociali
236 1900 336 1936 bello
356 1900 602 1949 Capitolium,
623 1900 808 1948 quaesitis
828 1900 951 1945 Samo,
969 1901 1055 1945 Ilio,
1073 1900 1265 1948 Erythris,

88 1978 156 2014 per
182 1964 356 2001 Africam
386 1965 503 2000 etiam
533 1977 576 2000 ac
614 1964 784 2000 Siciliam
816 1971 855 2000 et
887 1964 1044 2000 Italicas
1085 1964 1261 2010 colonias,

89 2029 320 2066 carminibus
354 2028 533 2075 Sibullae,
568 2041 646 2064 una
675 2041 742 2064 seu
779 2029 907 2077 plures
944 2029 1060 2074 fuere,
1100 2028 1265 2076 datoque

89 2092 347 2129 sacerdotibus
375 2091 540 2140 negotio,
579 2096 768 2140 quantum
802 2092 971 2127 humana
1008 2103 1079 2140 ope
1122 2091 1267 2139 potuis-

90 2159 185 2201 sent,
219 2167 309 2190 vera
340 2154 564 2192 discernere.
634 2154 764 2204 Igitur
801 2159 894 2190 tunc
932 2167 1081 2203 quoque
1117 2154 1267 2190 notioni

91 2217 434 2267 quindecimvirum
452 2218 485 2254 is
504 2218 602 2255 liber
618 2218 816 2255 subicitur.
