1419 2428
407 82 579 118 LIBER
615 80 675 119 VI.
718 92 994 117 xxvia—xxx.
1243 82 1287 117 21

114 191 218 229 haud
246 189 373 226 minus
401 189 575 225 validum
608 188 656 224 ad
685 187 806 224 exitia-
834 186 1028 223 Macronis
1057 186 1200 229 odium,
1226 186 1293 234 qui

115 255 265 292 easdem
295 258 397 289 artes
426 251 613 288 occultius
639 251 864 294 exercebat;
895 250 1162 298 detuleratque
1187 262 1294 296 argu—

116 323 288 355 mentum
308 317 523 366 tragoediae
541 329 564 352 a
583 316 725 352 Scauro
750 315 925 363 scriptae,
953 315 1093 350 additis
1121 313 1294 350 versibus

116 383 183 431 qui
210 382 251 417 in
280 380 476 416 Tiberium
504 380 758 415 flecterentur.
810 379 960 414 Verum
989 379 1036 414 ab
1065 378 1228 414 Servilio
1258 382 1295 413 et

117 443 294 481 Cornelio
331 442 614 478 accusatoribus
649 442 882 477 adulterium
917 441 1061 487 Liviae,
1098 453 1295 489 magorum

117 520 222 543 sacra
259 506 558 542 obiectabantur.
619 505 795 550 Scaurus,
835 509 880 540 ut
914 505 1073 553 dignum
1102 505 1296 540 veteribus

118 571 306 615 Aemiliis,
327 569 612 605 damnationem
632 569 781 614 anteiit,
809 569 989 604 hortante
1011 568 1145 604 Sextia
1163 581 1293 611 uxore,

117 648 212 683 quae
232 634 526 669 incitamentum
542 633 676 669 mortis
695 637 734 669 et
753 633 941 681 particeps
957 632 1042 670 fuit.

118 756 209 781 xxx.
266 743 518 780 szislmnent
555 742 602 790 of
634 741 892 789 uo'zsuccessfzcl
928 741 1142 789 injbrmers.
1201 740 1300 777 Bold

170 807 331 843 attitude
350 805 526 842 assumed
543 805 590 853 bys
609 805 794 841 Lentulus
815 804 1042 850 Gaetulicus,
1061 804 1299 840 commcmclcr

170 870 218 918 of
228 870 285 906 tlte
304 883 415 917 army
434 867 481 915 of
498 868 621 917 Upper
642 869 841 917 Germcwzy.

197 956 336 993 XXX.
393 956 454 992 Ac
493 959 623 991 tamen
660 960 907 1000 accusatores,
947 955 979 991 si
1016 955 1177 991 facultas
1209 954 1299 990 inci-

118 1022 237 1064 deret,
268 1021 400 1069 poenis
426 1021 711 1065 adficiebantur,
742 1024 788 1056 ut
813 1019 998 1056 Servilius
1024 1019 1299 1067 Corneliusque

119 1085 268 1135 perdito
289 1085 431 1121 Scauro
451 1084 597 1130 famosi,
629 1084 719 1132 quia
738 1084 940 1132 pecuniam
967 1097 990 1120 a
1009 1084 1130 1120 Vario
1159 1083 1299 1131 Ligure

120 1149 356 1185 omittendae
388 1148 591 1185 delationis
627 1152 818 1196 ceperant,
853 1147 894 1183 in
922 1147 1066 1184 insulas
1094 1147 1300 1184 interdicto

120 1212 202 1261 igni
239 1216 355 1261 atque
401 1225 501 1261 aqua
538 1212 682 1248 demoti
719 1216 819 1248 sunt.
888 1212 942 1248 Et
977 1211 1159 1248 Abudius
1192 1212 1300 1248 Ruso

120 1277 275 1312 functus
306 1276 502 1312 aedilitate
531 1276 623 1312 dum
663 1275 831 1311 Lentulo
870 1275 1080 1321 Gaetulico,
1116 1276 1187 1311 sub
1225 1289 1301 1324 quo

121 1339 265 1388 legioni
291 1339 521 1388 praefuerat,
551 1339 765 1387 periculum
793 1339 954 1384 facessit,
984 1339 1085 1388 quod
1113 1339 1145 1375 is
1173 1338 1302 1375 Seiani

122 1403 246 1439 filium
288 1416 471 1451 generum
505 1403 744 1447 destinasset,
790 1403 894 1438 ultro
938 1403 1145 1438 damnatur
1185 1413 1302 1451 atque

122 1468 217 1503 urbe
250 1467 429 1515 exigitur.
495 1467 717 1503 Gaetulicus
752 1480 796 1502 ea
830 1471 1060 1515 tempestate
1097 1467 1302 1515 superioris

125 1531 352 1568 Germaniae
388 1531 556 1579 legiones
598 1532 756 1567 curabat
788 1531 1005 1579 mirumque
1036 1543 1205 1567 amorem
1242 1531 1303 1566 ad-

123 1599 276 1632 secutus
312 1598 405 1641 erat,
445 1594 585 1630 effusae
623 1594 856 1640 clementiae,
897 1594 1066 1630 modicus
1099 1593 1303 1630 severitate

123 1661 162 1694 et
198 1657 373 1705 proximo
410 1670 561 1706 quoque
595 1657 784 1693 exercitui
816 1670 884 1705 per
920 1657 963 1694 L.
999 1656 1218 1705 Apronium
1249 1669 1303 1692 so-

123 1734 251 1757 cerum
288 1734 366 1758 non
403 1722 588 1770 ingratus.
658 1721 776 1758 Unde
813 1721 915 1757 fama
953 1725 1130 1757 constans
1167 1732 1301 1756 ausum

123 1785 277 1821 mittere
320 1785 368 1821 ad
406 1785 606 1822 Caesarem
643 1785 786 1830 literas,
830 1785 1069 1821 adfinitatem
1107 1785 1180 1820 sibi
1216 1797 1302 1820 cum

126 1849 262 1885 Seiano
303 1849 406 1885 haud
446 1853 581 1898 sponte
622 1849 687 1885 sed
727 1849 884 1885 consilio
925 1849 1069 1885 Tiberii
1105 1852 1302 1896 coeptam,

125 1913 283 1961 perinde
311 1925 350 1949 se
383 1925 498 1961 quam
533 1912 732 1949 Tiberium
763 1912 846 1948 falli
877 1912 1057 1960 potuisse,
1092 1924 1215 1959 neque
1248 1924 1302 1947 er-

126 1989 251 2013 rorem
271 1977 433 2012 eundem
452 1976 511 2012 illi
535 1976 617 2013 sine
642 1977 785 2022 fraude,
816 1976 902 2012 aliis
927 1976 1046 2012 exitio
1071 1975 1299 2012 habendum.

127 2040 209 2076 Sibi
239 2039 354 2075 fidem
383 2039 573 2087 integram
604 2044 654 2084 et,
693 2040 726 2075 si
757 2040 876 2075 nullis
908 2039 1057 2075 insidiis
1094 2043 1299 2087 peteretur,

125 2116 371 2150 mansuram,
408 2116 659 2140 successorem
687 2117 765 2140 non
802 2104 916 2140 aliter
957 2116 1071 2151 quam
1116 2103 1302 2139 indicium

126 2167 260 2203 mortis
279 2171 533 2216 accepturum.
582 2167 802 2204 Firmarent
823 2168 930 2204 velut
948 2168 1089 2213 foedus,
1108 2180 1183 2216 quo
1203 2167 1303 2215 prin-

127 2244 212 2280 ceps
239 2235 450 2268 ceterarum
477 2244 606 2268 rerum
633 2236 840 2281 poteretur,
871 2231 952 2279 ipse
981 2231 1218 2280 provinciam
1250 2243 1305 2266 re-
