1419 2428
385 97 552 134 LIBER
589 97 653 135 VI.
694 109 810 134 xxx—
829 108 973 133 xxxm.
1219 98 1265 133 23

92 204 177 237 tum
208 203 248 236 et
281 203 435 237 auctore
467 211 571 247 opus,
605 201 650 233 ut
683 202 817 246 sponte
856 196 1038 242 Caesaris7
1072 200 1117 231 ut
1149 209 1268 244 genus

95 265 250 301 Arsacis
269 265 394 313 ripam
413 263 514 311 apud
533 262 743 310 Euphratis
763 265 989 298 cerneretur.

173 327 361 364 XXXII.
419 325 604 374 Cupitum
640 324 680 360 id
713 323 889 360 Tiberio:
924 326 1036 359 ornat
1072 322 1269 359 Phraaten

94 391 335 440 accingitque
353 394 556 440 paternum
575 388 622 424 ad
642 387 851 436 fastigium,
873 387 1064 423 destinata
1086 387 1265 431 retinens,

95 455 260 491 consiliis
304 459 343 491 et
386 459 473 490 astu
509 465 569 488 res
605 456 783 488 externas
821 451 957 495 moliri,
996 463 1102 486 arma
1138 451 1269 499 procul

94 519 242 557 habere.
300 520 454 555 Interea
491 517 653 566 cognitis
690 516 840 552 insidiis
872 516 1097 552 Artabanus
1125 515 1270 551 tardari

94 587 210 629 metu,
245 582 356 618 modo
385 581 563 629 cupidine
589 579 781 614 vindictae
806 578 1052 614 inardescere.
1111 577 1163 612 Et
1188 577 1269 612 bar-

95 647 194 682 baris
222 646 414 683 cunctat-io
442 644 602 690 servilis,
637 643 769 679 statim
803 641 960 690 exsequi
986 640 1133 689 regium
1168 640 1269 675 vide-

93 714 182 746 tur:
211 710 335 745 valuit
356 714 483 745 tamen
503 707 663 753 utilitas,
689 710 734 742 ut
759 706 914 742 Abdum
935 705 1058 753 specie
1078 704 1268 740 amicitiae

95 778 271 809 vocatum
303 774 350 809 ad
384 773 514 821 epulas
544 772 650 807 lento
679 783 826 806 veneno
858 770 1047 818 inligaret,
1079 769 1269 805 Sinnacen

95 835 398 872 dissimulatione
417 848 460 870 ac
480 834 600 879 donis,
628 833 743 869 simul
772 846 838 881 per
863 831 1017 880 negotia
1043 836 1264 867 moraretur.

95 899 148 935 Et
168 899 351 935 Phraates
371 899 472 947 apud
492 897 643 946 Syriam
665 897 756 932 dum
784 896 922 932 omisso
949 895 1055 930 cultu
1082 895 1267 939 Romano,

95 963 156 999 cui
190 976 259 1012 per
296 968 354 1000 tot
391 975 511 999 annos
548 962 779 1005 insueverat,
821 960 1000 995 instituta
1038 959 1268 995 Parthorum

95 1028 223 1073 sumit,
257 1027 391 1075 patriis
424 1027 594 1063 moribus
627 1026 751 1074 impar
783 1026 915 1060 morl-io
943 1025 1169 1072 absumptus
1200 1029 1267 1060 est.

97 1090 171 1126 Sed
190 1102 267 1125 non
287 1090 461 1126 Tiberius
481 1089 610 1125 omisit
636 1089 811 1136 incepta:
841 1087 1053 1123 Tiridatem
1075 1086 1270 1135 sanguinis

96 1153 265 1189 eiusdem
321 1154 514 1189 aemulum
555 1153 768 1198 Artabano,
815 1151 1156 1200 reciperandaeque
1200 1152 1271 1186 Ar-

96 1216 243 1252 meniae
265 1216 457 1252 Hiberum
477 1215 737 1251 Mithridaten
757 1214 900 1262 deligit,
929 1213 1182 1261 conciliatque
1201 1212 1272 1248 fra-

95 1280 148 1315 tri
176 1280 439 1326 Pharasmani,
471 1280 538 1329 qui
567 1279 710 1327 gentile
743 1278 945 1326 imperium
979 1277 1200 1323 obtinebat3
1234 1281 1272 1312 et

97 1343 244 1379 cunctis
263 1356 360 1392 quae
386 1344 489 1392 apud
515 1344 701 1380 orientem
729 1343 964 1390 parabantur
990 1342 1032 1378 L.
1064 1342 1270 1377 Vitellium

97 1406 287 1454 praefecit.
347 1407 404 1443 Eo
431 1407 476 1443 de
502 1407 656 1442 homine
675 1407 779 1442 haud
799 1419 882 1442 sum
902 1405 1058 1454 ignarus
1077 1405 1272 1441 sinistram

96 1470 137 1506 in
175 1471 269 1506 urbe
302 1472 454 1516 famam,
489 1471 670 1520 pleraque
707 1470 816 1506 foeda
852 1469 1064 1514 memorari,
1104 1474 1270 1506 ceterum

97 1533 271 1581 regendis
293 1534 500 1582 provinciis
520 1535 643 1583 prisca
661 1534 808 1570 virtute
824 1533 912 1581 egit.
945 1533 1061 1569 Unde
1081 1546 1272 1581 regressus

98 1603 136 1635 et
169 1599 374 1635 formidine
408 1598 449 1635 O.
475 1598 656 1644 Caesaris,
682 1597 944 1634 familiaritate
979 1597 1131 1633 Claudii
1158 1601 1270 1644 turpe

98 1663 140 1698 in
159 1661 361 1698 servitium
388 1665 563 1697 mutatus
591 1661 785 1710 exemplar
819 1661 921 1709 apud
949 1664 1118 1708 posteros
1146 1659 1273 1695 adula-

99 1725 190 1762 torii
215 1725 408 1761 dedecoris
426 1726 600 1770 habetur,
622 1728 890 1772 cesseruntque
915 1724 1038 1772 prima
1056 1724 1267 1772 postremis,

99 1792 138 1824 et
158 1787 257 1824 bona
276 1788 456 1823 iuventae
476 1790 650 1822 senectus
669 1785 856 1833 flagitiosa
875 1785 1107 1820 obliteravit.

101 1956 456 1982 >axla—XXXVII.
521 1944 608 1981 War
645 1945 797 1981 between
828 1944 1017 1981 Tiridates
1048 1943 1130 1980 ancl
1163 1942 1274 1979 Arta-

154 2009 286 2055 banus,
324 2008 415 2056 leinq
451 2008 500 2056 of
524 2008 699 2054 Parthia,
738 2007 877 2055 endinss
914 2008 958 2044 in
995 2007 1051 2044 the
1080 2006 1200 2054 fliqlm:
1237 2005 1284 2053 (gf

154 2073 211 2110 the
228 2073 347 2109 latter.

182 2174 392 2211 XXXIII.
450 2174 508 2210 At
534 2187 584 2210 ex
608 2173 750 2222 regulis
774 2174 879 2222 prior
903 2172 1152 2209 Mithridates
1178 2171 1274 2207 Pha-

104 2252 318 2276 rasmanem
355 2239 524 2287 perpulit
556 2238 643 2274 dolo
676 2241 715 2273 et
747 2238 788 2273 vi
817 2241 974 2273 conatus
1011 2249 1098 2272 suos
1130 2235 1272 2277 iuvare,
