1419 2428
104 91 153 128 10
431 91 494 127 TA
501 90 530 128 C
532 91 558 126 I
560 91 619 127 TI
651 90 866 127 ANNALI
871 91 906 128 U
904 91 951 127 M

103 215 190 241 xm.
248 204 499 241 Bistua-banca
536 204 580 240 in
612 204 727 241 Rome
765 204 902 241 caused
936 204 982 253 by
1019 205 1075 241 the
1102 205 1275 242 clearvwss

594 269 642 317 of
661 270 781 307 bread.

182 339 304 375 XIII.
363 339 489 375 Isdem
516 339 734 374 consulibus
762 339 951 387 gravitate
972 351 1142 374 annonae
1166 339 1276 374 iuxta

102 403 328 440 seditionem
367 408 539 448 ventum,
574 403 770 451 multaque
801 407 840 439 et
877 404 1005 451 plures
1030 417 1097 453 per
1125 405 1205 440 dies
1235 405 1276 440 in

101 466 253 502 theatro
283 465 462 502 licentius
498 466 704 515 efflagitata
737 479 852 515 quam
885 467 1041 503 solitum
1074 468 1275 504 adversum

101 530 379 579 imperatorem.
439 530 534 574 Quis
564 534 774 566 commotus
810 531 1001 568 incusavit
1030 532 1277 579 magistratus

102 599 314 644 patresque,
336 596 437 643 quod
457 608 534 631 non
553 595 705 644 publica
724 596 951 631 auctoritate
976 595 1159 644 populum
1180 608 1276 631 coer-

103 660 282 706 cuissent,
316 660 540 708 addiditque
570 660 709 708 quibus
743 672 791 695 ex
820 659 1027 707 provinciis
1061 664 1099 696 et
1132 664 1277 708 quanto

103 723 283 760 maiorem
321 736 436 772 quam
473 724 674 771 Augustus
711 723 767 759 rci
811 723 1084 759 frumentariae
1131 724 1277 771 copiam

102 789 330 826 advectaret.
390 788 454 824 Ita
483 787 724 835 castigandae
754 787 856 836 plebi
885 787 1135 835 compositum
1174 799 1277 823 sena-

102 858 166 889 tus
185 853 402 889 consultum
420 853 542 901 prisca
561 851 775 897 severitate,
791 864 913 899 neque
933 851 1086 899 segnius
1105 851 1278 887 consules

104 917 266 955 edixere.
325 916 531 952 Silentium
561 915 681 964 ipsius
713 929 792 951 non
824 915 947 960 civile,
980 919 1025 951 ut
1054 915 1275 960 crediderat,

108 981 171 1018 sed
192 981 233 1017 in
252 981 469 1030 superbiam
488 980 753 1029 accipiebatur.

206 1093 286 1119 XIV.
344 1081 451 1117 fllore
471 1081 622 1128 claarsses
641 1081 688 1128 ⁰f
699 1080 929 1129 conspiracy,
951 1081 1031 1117 and
1046 1080 1138 1117 ‘rain
1158 1080 1205 1128 of

527 1145 667 1182 several
688 1158 854 1193 persons.

184 1215 300 1252 XIV.
358 1215 455 1252 Fine
492 1215 585 1251 anni
627 1214 836 1260 Geminius,
878 1214 1021 1261 Celsus,
1061 1214 1276 1262 Pompeius,

107 1280 255 1329 equites
287 1279 467 1324 Romani,
499 1279 665 1315 cecidere
694 1278 970 1314 coniurationis
1007 1277 1166 1314 crimine
1183 1292 1192 1325 3
1231 1290 1279 1313 ex

104 1345 190 1393 quis
227 1343 429 1380 Geminius
465 1342 705 1392 prodigentia
751 1355 866 1390 opum
902 1355 945 1377 ac
981 1341 1147 1377 mollitia
1177 1341 1280 1377 vitae

105 1409 248 1445 amicus
285 1408 433 1453 Seiano,
472 1407 570 1442 nihil
607 1406 655 1442 ad
692 1406 844 1442 serium.
902 1405 955 1441 Et
989 1405 1114 1441 Iulius
1148 1405 1280 1442 Celsus

104 1473 284 1509 tribunus
313 1471 354 1507 in
379 1471 516 1507 vinclis
546 1471 715 1506 laxatam
741 1474 914 1505 catenam
942 1474 980 1505 et
1006 1469 1280 1505 circumdatam

105 1538 146 1572 in
183 1536 377 1572 diversum
412 1535 574 1571 tendens
614 1547 722 1570 suam
755 1534 835 1581 ipsc
867 1533 1052 1569 cervicem
1086 1533 1277 1581 perfregit.

109 1602 167 1637 At
187 1600 337 1637 Rubrio
356 1599 515 1644 Fabato,
537 1603 733 1648 tamquam
762 1598 971 1646 desperatis
998 1597 1112 1633 rebus
1140 1596 1278 1633 Roma-

105 1665 166 1702 nis
203 1664 435 1701 Parthorum
474 1664 522 1699 ad
558 1662 856 1699 misericordiam
901 1662 1060 1709 fugeret,
1107 1660 1280 1697 custodes

106 1729 238 1767 additi.
297 1728 396 1764 Sane
424 1728 457 1764 is
483 1732 658 1776 repertus
685 1726 787 1774 apud
813 1727 954 1762 fretum
975 1724 1125 1761 Siciliae
1144 1728 1280 1760 retrac-

106 1799 245 1842 tusque
269 1805 337 1842 per
364 1792 627 1829 centurionem
651 1791 777 1827 nullas
805 1789 1021 1839 probabiles
1047 1801 1177 1825 causas
1202 1788 1280 1824 lon-

107 1859 272 1907 ginquae
301 1856 618 1906 peregrinationis
645 1855 850 1891 adferebat.
903 1853 1053 1890 Mansit
1072 1858 1201 1889 tamen
1226 1853 1281 1888 in-

106 1922 278 1968 columis,
299 1920 492 1957 oblivione
511 1920 632 1967 magis
652 1932 766 1967 quam
787 1918 998 1954 clementia.

107 2030 170 2057 xv.
226 2018 443 2066 Illarriaqes
475 2015 522 2064 of
541 2015 720 2053 Drusilla
749 2015 831 2052 and
860 2014 986 2060 Julia,
1016 2013 1216 2061 dactylitem
1243 2012 1290 2062 of

566 2079 821 2117 Germanicus.

187 2149 282 2187 XV.
340 2150 417 2187 Ser.
442 2149 565 2186 Galba
584 2148 626 2185 L.
649 2147 757 2184 Sulla
775 2146 993 2183 consulibus
1018 2145 1084 2181 diu
1109 2144 1281 2194 quaesito

108 2227 201 2264 quos
236 2213 418 2262 neptibus
450 2212 529 2248 suis
558 2211 715 2247 maritos
752 2209 962 2246 destinaret
999 2207 1147 2253 Caesar,
1181 2210 1281 2256 post-
