1419 2428
100 84 120 119 ‘2
126 84 148 120 O
432 83 493 118 TA
501 82 624 120 CITI
657 83 687 119 A
695 83 809 119 NNA
816 83 846 119 L
852 83 878 119 I
881 83 965 119 ΠΜ

99 187 282 234 quaginta
300 185 392 221 anni
418 185 583 220 fuerunt.
642 184 759 220 Unde
785 198 863 219 non
881 184 981 220 nulli
1004 184 1145 221 falsum
1173 184 1274 221 hunc

98 250 321 298 phoenicem
341 261 465 297 neque
488 248 663 284 Arabum
683 261 703 284 e
729 248 842 284 terris
867 248 1068 294 credidere,
1100 248 1274 297 nihilque

99 314 340 363 usurpavisse
384 327 432 350 ex
474 313 533 358 iis,
577 326 674 361 quae
716 318 827 349 Vetus
869 313 1052 348 memoria
1093 313 1271 349 firmavit.

100 379 282 415 Confecto
311 378 451 426 quippe
480 390 669 413 annorum
700 389 870 422 numero,
898 377 965 413 ubi
994 389 1096 413 mors
1125 377 1276 425 propin-

100 447 201 491 quet,
230 442 309 478 suis
328 442 370 478 in
389 442 502 478 terris
522 446 669 477 struere
688 441 821 477 nidum
842 441 951 490 eique
965 441 1045 477 vim
1070 441 1275 489 genitalem

100 507 320 551 adfundere,
360 518 408 542 ex
441 519 517 554 qua
554 506 676 542 fetum
714 506 805 542 oriri
821 518 831 551 3
869 510 908 541 et
944 505 1107 554 primam
1143 505 1276 541 adulto

99 584 230 607 curam
253 570 461 619 sepeliendi
484 570 617 619 patriS,
650 582 774 618 neque
798 569 836 605 id
864 574 1016 616 temere,
1043 569 1107 605 sed
1125 568 1276 605 sublato

100 645 251 668 murrae
270 632 436 681 pondere
461 636 726 681 temptatoque
744 645 812 680 per
837 632 994 680 longum
1017 632 1101 678 iter,
1122 631 1190 668 ubi
1208 644 1277 680 par

100 697 216 743 oneri,
256 710 325 745 par
354 696 499 732 meatui
532 697 592 742 sit,
633 697 760 732 subire
792 696 961 744 patrium
994 709 1128 745 corpus
1160 696 1276 744 inque

101 760 199 796 Solis
229 773 334 796 aram
367 759 532 807 perferre
561 763 676 807 atque
704 758 865 794 adolere.
923 758 1032 794 Haec
1065 758 1210 794 ineerta
1239 762 1276 793 et

100 823 283 859 fabulosis
308 827 446 860 aucta:
476 826 645 858 ceterum
665 822 783 871 aspici
806 821 1011 869 aliquando
1036 823 1077 858 in
1096 822 1277 871 Aegypto

101 899 183 922 eam
203 886 396 922 volucrem
417 898 494 922 non
514 885 732 933 ambigitur.

101 1008 209 1033 XXIX.
268 997 421 1034 Suis-ido
451 996 498 1044 of
525 996 761 1044 Pomponius
799 995 917 1032 Labeo
950 995 1032 1032 and
1061 995 1277 1031 Mamercus

153 1060 332 1098 staurus.
393 1060 468 1097 The
499 1073 650 1097 reasons
677 1059 796 1096 which
825 1060 934 1096 made
966 1059 1108 1096 suicide
1136 1072 1175 1096 so
1195 1058 1277 1107 sre-

152 1130 274 1172 (luent.

179 1209 344 1247 XXIX.
402 1210 461 1246 At
499 1211 644 1247 Romae
677 1211 788 1247 caede
826 1210 1009 1246 continua
1042 1209 1277 1258 Pomponius

102 1274 239 1319 Labeo,
272 1286 385 1322 quem
410 1275 618 1323 praefuisse
641 1275 810 1311 Moesiae
835 1273 978 1320 rettuli,
1009 1286 1078 1322 per
1095 1273 1277 1321 abruptas

102 1350 219 1373 venas
251 1338 476 1386 sanguinem
514 1339 675 1385 effudit3
712 1338 981 1387 aemulataque
1019 1341 1077 1373 est
1109 1336 1277 1373 coniunx

102 1400 266 1436 Paxaea.
335 1400 440 1436 Nam
479 1405 674 1449 promptas
718 1401 799 1437 eius
835 1400 940 1436 modi
976 1403 1117 1435 mortes
1153 1402 1278 1434 metus

101 1464 288 1500 carnificis
315 1464 488 1510 faciebat,
524 1469 563 1501 et
591 1465 682 1513 quia
720 1465 893 1500 damnati
926 1463 1132 1513 publicatis
1168 1462 1278 1498 bonis

101 1527 298 1575 sepultura
321 1527 632 1576 prohibebantur,
664 1541 795 1564 eorum
824 1528 891 1576 qui
918 1528 964 1564 de
992 1540 1031 1563 se
1057 1526 1278 1563 statuebant

102 1589 362 1623 humabantur
394 1600 560 1636 corpora,
594 1588 802 1624 manebant
838 1590 1079 1629 testamenta,
1109 1585 1275 1634 pretium

102 1651 318 1689 festinandi.
377 1652 451 1687 Sed
472 1651 611 1687 Caesar
637 1651 762 1687 missis
784 1651 831 1687 ad
857 1655 1033 1687 senatum
1058 1649 1181 1685 literis
1205 1648 1277 1683 dis-

102 1715 222 1751 seruit
253 1728 397 1751 morem
433 1715 548 1751 fuisse
581 1715 799 1761 maioribus,
834 1714 1010 1763 quotiens
1053 1714 1277 1750 dirimerent

101 1777 300 1823 amicitias,
352 1776 578 1813 interdicere
615 1778 726 1813 domo
769 1790 932 1825 euinque
974 1777 1087 1812 finem
1131 1776 1276 1824 gratiae

102 1854 264 1889 ponere:
299 1840 339 1876 id
368 1853 407 1876 se
434 1841 656 1888 repetivisse
691 1841 733 1876 in
770 1840 958 1885 Labeone,
997 1844 1113 1888 atque
1151 1839 1273 1884 illum,

102 1905 192 1954 quia
228 1904 326 1941 male
363 1904 653 1941 administratae
687 1905 904 1953 provinciae
941 1904 1178 1952 aliorumque
1207 1903 1273 1939 cri-

102 1970 250 2004 niinuin
278 1969 522 2018 arguebatur,
554 1969 703 2017 culpam
730 1969 878 2005 invidia
907 1969 1103 2013 velavisse,
1133 1968 1276 2003 frustra

101 2033 310 2069 conterrita
339 2044 469 2078 uxore,
496 2045 609 2081 quam
640 2033 712 2068 etsi
738 2036 936 2068 nocentem
962 2031 1123 2079 periculi
1147 2034 1275 2067 tamen

102 2100 298 2145 expertem
332 2097 455 2133 fuisse.
527 2096 744 2132 Mamercus
786 2096 875 2132 dein
919 2096 1082 2132 Scaurus
1124 2107 1275 2131 rursum

103 2161 329 2210 postulatur,
362 2160 522 2209 insignis
550 2160 751 2196 nobilitate
781 2164 819 2196 ct
851 2159 1004 2195 orandis
1032 2159 1164 2204 causis,
1194 2159 1275 2195 vita

104 2225 314 2274 probrosus.
372 2224 483 2261 Nihil
514 2224 617 2260 hunc
645 2224 815 2260 amicitia
841 2223 980 2269 Seiani,
1008 2223 1073 2259 sed
1099 2222 1275 2260 labefecit
